4109 6275
177 4559 183 4566 ·
266 4528 309 4579 the
319 4527 458 4593 beginning
468 4544 485 4577 o

760 788 809 837 DE
832 788 980 838 SANCTA
1002 788 1137 841 CRUCE.

268 984 429 1029 manens.
446 965 641 1050 Paraclytus
657 978 767 1031 autem
785 969 921 1050 spiritus

266 1062 401 1115 sanctus
444 1074 544 1136 quem
591 1057 701 1120 mittet
746 1065 842 1138 pater
886 1057 918 1118 in

267 1140 402 1203 nomme
447 1161 553 1205 meo:
580 1142 635 1204 ille
680 1164 741 1207 uos
784 1144 920 1207 docebit

267 1227 380 1290 omnia
402 1278 409 1291 .
430 1238 464 1291 et
493 1240 651 1311 suggeret
681 1231 776 1294 uobis
805 1232 920 1294 omnia

267 1334 486 1399 quaecunque
516 1317 635 1381 dixero
661 1318 780 1382 uobis.
798 1319 918 1382 Pacem

267 1402 418 1484 relinquo
448 1404 544 1467 uobis
560 1427 567 1466 :
586 1425 703 1488 pacem
735 1425 844 1469 meam
874 1407 920 1469 do

267 1488 381 1552 uobis.
398 1490 475 1554 Non
491 1493 663 1574 quomodo
679 1493 824 1557 mundus
838 1495 919 1557 dat:

267 1596 331 1658 ego
360 1577 405 1639 do
431 1579 557 1642 uobis.
583 1579 660 1643 Non
688 1581 839 1645 turbetur
865 1602 922 1644 cor

267 1673 415 1727 uestrum
432 1689 439 1729 ε
455 1687 562 1749 neque
578 1666 753 1732 formidet.
765 1666 921 1731 Audistis

266 1752 345 1833 quia
360 1772 424 1833 ego
439 1755 511 1817 dixi
528 1755 624 1818 uobis
639 1778 647 1818 :
662 1757 751 1820 uado
771 1763 805 1818 et
821 1756 920 1818 uenio

266 1840 309 1903 ad
333 1860 393 1902 uos
409 1889 416 1904 .
433 1839 469 1905 Si
492 1841 674 1924 diligeretis
702 1863 755 1906 mc
773 1844 920 1924 :gaude-

267 1925 345 1989 retis
361 1928 475 2011 utique
495 1930 574 2012 quia
593 1932 680 1994 uado
697 1929 750 2013 lad
766 1941 920 2013 patrem:

267 2014 345 2095 quia
361 2024 457 2096 pater
474 2017 580 2080 maior
601 2037 654 2081 me
674 2028 748 2082 est.
766 2019 810 2082 Et
831 2038 920 2081 nunc

266 2100 339 2163 dixi
355 2102 450 2167 uobis
466 2104 674 2187 priusquam
690 2104 750 2169 fiat
768 2130 775 2168 :
791 2115 827 2169 ut
843 2126 918 2169 cum

267 2187 392 2252 lactum
424 2190 522 2255 luerit
552 2193 726 2256 credatis.
751 2191 823 2256 Iam
851 2214 918 2256 non

267 2276 374 2339 multa
414 2277 531 2360 loquar
573 2281 745 2344 uobiscum
776 2331 782 2343 .
815 2280 920 2345 Uenit

267 2365 354 2426 eninr
376 2365 530 2448 princeps
553 2368 669 2430 mundi
692 2367 790 2430 huius
808 2377 865 2431 :et
886 2370 918 2431 in

268 2471 321 2513 me
345 2472 411 2514 non
439 2452 540 2517 habet
567 2455 746 2537 quicquam
763 2505 770 2518 .
788 2455 855 2519 Sed
883 2465 920 2520 ut

267 2548 448 2621 cognoscat
498 2541 643 2604 mundus
691 2543 769 2625 quia
816 2542 920 2624 diligo

268 2635 396 2706 patrem
414 2632 470 2691 :et
493 2627 577 2691 sicut
601 2629 799 2692 mandatum
826 2631 920 2693 dedit

268 2713 348 2775 mihi
365 2722 460 2795 pater
479 2715 548 2778 :sic
563 2714 659 2780 facio,

1568 797 1625 864 ¹35

1006 976 1092 1023 nant
1107 970 1230 1025 sedentes
1247 972 1367 1025 alleluia
1379 1014 1385 1027 .
1398 979 1426 1026 et
1443 974 1543 1043 repleti
1558 979 1629 1026 nint

1006 1042 1111 1109 spiritu
1127 1049 1224 1095 sancto
1237 1042 1380 1113 loquentes
1396 1046 1544 1115 magnalia
1561 1045 1625 1098 dei.

1006 1112 1126 1166 alleluia
1138 1114 1264 1168 alleluiis

1127 1234 1463 1300 POSTOOMMUNIO.

1026 1329 1117 1393 ancti
1122 1329 1260 1411 spirinaes
1271 1331 1398 1395 domine
1408 1331 1505 1395 corda
1514 1341 1626 1395 nostra

1049 1417 1183 1481 mundet
1215 1419 1339 1499 infusio
1361 1469 1367 1481 .
1390 1429 1423 1482 et
1454 1420 1510 1482 sni
1543 1419 1628 1482 roris

972 1503 1093 1567 intima
1107 1505 1287 1586 aspersione
1298 1506 1474 1588 J‘enrndet.
1491 1507 1559 1569 Per
1571 1506 1626 1569 do·

972 1592 1100 1655 munem
1115 1642 1122 1655 .
1138 1591 1285 1656 ciusdem.

1120 1744 1264 1817 [Erasnre
1280 1747 1316 1818 of
1329 1746 1362 1817 3}
1381 1746 1474 1817 lines]

1038 1877 1115 1937 llDE
1148 1879 1340 1942 ΒΑΝΟΤΑ
1372 1883 1560 1946 ouuoff'.

968 1980 998 2038 Ᾰ.
1035 1987 1097 2041 Nos
1116 1996 1211 2041 autem
1228 1986 1341 2056 gloriari
1360 1996 1470 2069 oportet
1492 1987 1519 2041 in
1542 2003 1626 2044 cruce

1007 2056 1115 2111 domini
1140 2058 1227 2111 nostri
1250 2058 1309 2112 iesu
1332 2058 1428 2112 christi
1451 2058 1479 2111 in
1504 2075 1561 2128 quo
1582 2069 1626 2114 est

1007 2128 1084 2182 salus
1109 2128 1167 2182 ulta
1195 2139 1222 2182 et
1254 2130 1419 2183 resurrectio
1450 2140 1546 2185 nostra
1575 2147 1627 2200 per

1007 2216 1091 2269 quem
1117 2200 1218 2253 saluati
1243 2211 1271 2254 et
1296 2200 1406 2256 liberati
1432 2217 1536 2256 sumus.
1578 2204 1622 2253 ΡΒ.

1010 2273 1089 2324 Deus
1108 2270 1200 2325 miser.

1227 2366 1366 2419 ΟΗΑΤΙΟ.

977 2457 1624 2595 Deosquiunigenitifiliituidomini

1071 2546 1174 2609 nostri
1187 2545 1355 2628 praetioso
1367 2547 1529 2628 sanguine
1542 2547 1625 2610 ului-

973 2630 1055 2694 ficae
1084 2633 1190 2696 crucis
1219 2632 1384 2696 uexillum
1417 2632 1626 2698 sanctificare

973 2719 1107 2782 uoluisti
1131 2722 1305 2783 :concede
1335 2740 1538 2802 quaesumus
1568 2741 1625 2785 eos

865 2844 867 2849 ·
971 2806 1028 2886 qui
1045 2807 1194 2870 eiusdem
1211 2817 1347 2870 sanctae
1358 2809 1464 2871 crucis
1476 2808 1625 2891 gaudent

264 2881 374 2934 ostent
411 2885 555 2956 Confima
572 2887 623 2941 hoc
642 2888 711 2942 deus
730 2889 808 2958 qnod
824 2893 920 2959 opern-

301 2963 348 3010 tus
359 2973 388 3010 es
398 2957 430 3010 in
444 2957 522 3010 nobis
533 2975 552 3011 a
564 2961 666 3028 templo
681 2966 729 3013 tuo
743 2960 821 3029 qnod
833 2967 875 3013 est
889 2962 920 3014 in

300 3027 451 3154 zwssm
475 3029 528 3083 tibi
548 3031 666 3100 (fierent
687 3048 764 3102 reges
792 3048 919 3085 munera.

490 3192 687 3255 utentis.

262 3300 459 3427 Munera
470 3320 665 3380 quaesumus
675 3300 805 3364 domine
813 3302 921 3365 oblata

377 3386 544 3469 sanctifica
573 3437 580 3451 .
610 3397 643 3451 et
677 3388 773 3451 corda
810 3400 921 3453 nostra

265 3473 373 3535 sancti
383 3473 520 3555 spiritus
532 3473 752 3538 illustratione
759 3477 900 3541 emunda
912 3527 918 3541 .

267 3558 355 3624 Per.
370 3560 521 3626 eiusdem.

264 3713 336 3765 Cam.
371 3714 478 3768 Factus
501 3721 544 3768 est
566 3718 678 3784 repente
699 3716 734 3769 dc
757 3716 814 3770 celo
833 3734 920 3772 sonus

302 3785 480 3838 aduenientis
511 3788 632 3857 spin'tus
668 3788 837 3842 uehementis
872 3791 922 3844 nbi

516 3917 522 3978 1
534 3916 578 3967 sol.
592 3932 636 3981 ¹47
645 3934 671 3966 v.

972 2892 1121 2957 honore.
1143 2903 1201 2957 tua
1231 2914 1365 2977 quoque
1396 2895 1520 2977 ubique
1549 2915 1625 2978 pro·

973 2981 1117 3043 tectione
1132 2982 1278 3063 gaudere
1296 3006 1303 3043 ε
1320 3002 1379 3064 per
1394 2982 1547 3046 eundem.

1145 3148 1190 3194 Αὓ
1218 3149 1437 3200 rusilienses

1000 3241 1195 3308 ‘*RATRES⁸
1220 3267 1226 3306 :
1251 3243 1403 3309 Christus
1435 3244 1543 3308 sactus
1574 3254 1625 3309 est

1057 3351 1118 3414 pro
1141 3332 1238 3395 nobis
1262 3332 1422 3395 obediens
1449 3353 1554 3415 usque
1580 3334 1623 3397 ad

972 3428 1114 3483 mortem
1141 3428 1313 3482 :mortem
1345 3430 1457 3483 autem
1488 3420 1623 3484 crucis.

970 3516 1108 3590 propter
1144 3507 1235 3590 quod
1271 3515 1305 3570 et
1340 3508 1423 3571 deus
1460 3506 1626 3571 exultauit

971 3594 1065 3657 illum
1084 3602 1141 3658 :et
1161 3595 1303 3659 donauit
1324 3593 1370 3657 illi
1390 3615 1511 3658 nomen
1533 3596 1623 3678 quod

970 3692 1021 3745 est
1059 3702 1159 3765 super
1195 3702 1296 3746 omne
1333 3702 1454 3745 nomen
1487 3737 1492 3748 .
1523 3691 1560 3746 ut
1591 3683 1624 3745 in

971 3770 1108 3833 nomine
1129 3769 1197 3833 iesu
1219 3790 1318 3832 omne
1339 3790 1425 3851 genu
1448 3768 1624 3834 flectatur.

1180 3925 1190 3980 ΙΙ
1202 3919 1245 3971 sol.
1263 3923 1316 3985 148,
1330 3921 1375 3971 lin.
1389 3936 1412 3970 r.

314 4135 410 4185 lOver
432 4135 482 4185 this
504 4134 595 4191 sobrie,
615 4150 649 4184 on
675 4147 755 4198 147u.
776 4138 821 4199 (7),
841 4136 911 4187 there
933 4139 955 4187 is
976 4153 1008 4187 an
1032 4136 1204 4187 interlineated
1227 4134 1377 4186 ‘confirma’
1398 4138 1423 4186 in
1446 4138 1546 4204 pencil;
1574 4141 1623 4190 and

267 4201 437 4265 immediately
452 4201 516 4250 after
532 4201 551 4250 it
567 4201 656 4264 begins
672 4216 704 4250 an
721 4217 819 4251 erasure
836 4202 917 4252 which
934 4203 980 4253 has
997 4205 1060 4254 been
1077 4202 1211 4254 continued
1228 4202 1279 4252 line
1298 4203 1331 4267 by
1348 4202 1399 4252 line
1418 4211 1445 4252 to
1464 4204 1507 4254 the
1526 4205 1579 4255 loot
1598 4206 1627 4255 ol

267 4267 308 4317 the
324 4267 412 4331 ruling.
449 4266 566 4330 Nothing
579 4266 625 4315 has
638 4267 729 4315 beens

775 4267 807 4316 ed
820 4268 854 4333 by
865 4268 907 4318 the
922 4285 1021 4319 erasure
1038 4269 1129 4318 butan
1144 4267 1224 4318 initisl
1242 4268 1289 4319 ‘S'
1303 4268 1355 4334 just
1368 4269 1467 4319 outside
1484 4269 1526 4320 the
1542 4270 1625 4336 ruling

266 4341 292 4382 at
308 4334 350 4382 the
365 4332 503 4397 beginning
519 4330 548 4394 oi
562 4331 613 4381 line
633 4346 671 4397 19.
704 4283 788 4382 'ridie
805 4348 855 4390 are,
875 4333 1000 4392 however,
1018 4343 1045 4384 to
1063 4335 1095 4384 be
1112 4334 1205 4393 traced,
1225 4341 1251 4384 at
1270 4333 1313 4384 the
1330 4333 1468 4400 beginning
1484 4335 1514 4384 os
1527 4336 1590 4386 lines
1607 4352 1623 4402 9

266 4398 316 4448 and
339 4413 377 4458 ια,
398 4397 570 4462 respectively.
587 4412 620 4445 an
639 4397 719 4447 initisl
739 4396 798 4446 ‘H'
814 4399 865 4447 and
882 4399 925 4450 the
943 4400 1120 4466 compendium
1140 4398 1169 4449 oi
1188 4398 1297 4459 ‘Vere’;
1319 4408 1346 4449 nt
1366 4400 1409 4450 the
1425 4401 1474 4449 end
1491 4400 1521 4450 ol
1538 4417 1554 4468 9
1573 4402 1622 4452 end

266 4473 292 4513 at
306 4463 350 4514 the
364 4463 414 4513 end
429 4461 459 4511 ol
476 4477 504 4577 1?
521 4464 564 4512 the
581 4462 675 4512 rubrics
691 4463 847 4513 ‘Srcnern’
863 4465 913 4514 and
928 4462 1185 4515 ‘Posrcounuuro’
1202 4465 1227 4514 in
1244 4464 1287 4514 the
1304 4463 1400 4514 middle
1417 4464 1475 4531 oin
1492 4465 1580 4528 ‘cor‘;
1597 4478 1623 4518 at

509 4542 538 4594 ¹9
551 4527 700 4577 ‘acriliciam
711 4528 811 4577 salutis'
823 4530 873 4579 and
885 4538 910 4580 st
923 4530 965 4581 the
976 4530 1026 4580 end
1039 4530 1069 4580 ol
1077 4547 1109 4581 eo
1121 4534 1127 4557 ⁴
1171 4530 1271 4580 rideatis
1283 4530 1427 4580 mentibus’

315 4594 357 4643 On
377 4593 520 4657 examining
539 4593 582 4642 the
601 4602 672 4643 outer
691 4594 788 4658 margin
810 4611 849 4644 we
872 4595 924 4645 lind
946 4611 962 4645 a
983 4612 1042 4645 now
1063 4612 1090 4645 er

1172 4596 1363 4646 memorandum
1385 4595 1415 4645 ol
1433 4595 1476 4646 the
1496 4597 1623 4713 Offemil

267 4655 403 4724 beginning
419 4657 534 4723 opposite
557 4658 714 4709 ‘confirma’
732 4675 764 4708 on
784 4660 834 4710 line
854 4673 867 4722 7
887 4660 917 4710 ol
932 4661 975 4710 the
993 4661 1082 4726 ruling,
1101 4661 1152 4710 and
1169 4661 1244 4725 again
1261 4660 1290 4711 ol
1304 4661 1347 4711 the
1364 4661 1542 4722 Communes,
1560 4663 1594 4712 bo

266 4725 292 4774 in
309 4725 371 4785 inlr;
394 4724 437 4774 the
456 4723 548 4773 former
569 4724 595 4772 in
615 4724 663 4773 live
682 4724 751 4774 short
771 4724 842 4782 lines,
863 4725 905 4776 the
925 4726 999 4776 latter
1017 4727 1044 4775 in
1062 4742 1146 4777 seven.
1179 4727 1235 4776 The
1255 4726 1452 4786 memorandum,
1475 4728 1560 4778 unlilse
1580 4729 1623 4779 the

267 4806 322 4840 new
334 4799 394 4848 text,
406 4789 478 4839 reads
493 4787 607 4838 ‘omnes’
620 4790 733 4839 between
746 4790 835 4839 ‘sunt’
845 4791 896 4840 and
910 4790 1027 4856 ‘spiritu’
1040 4791 1069 4840 oi
1077 4792 1120 4842 the
1131 4792 1309 4842 communion.

315 4856 371 4906 The
392 4870 491 4904 erasure
512 4871 546 4903 on
571 4867 614 4917 147
627 4872 651 4905 u.
674 4870 725 4904 was
742 4855 876 4905 continued
895 4864 922 4905 to
941 4856 983 4906 the
1001 4873 1062 4921 very
1079 4857 1129 4906 end
1148 4857 1177 4906 ol
1196 4857 1239 4907 the
1259 4857 1328 4907 Mass
1347 4873 1380 4906 on
1401 4855 1494 4920 148ls)
1511 4859 1561 4908 and
1579 4858 1622 4909 the

266 4921 402 4986 beginning
423 4920 453 4969 ol
472 4920 514 4969 the
536 4921 605 4969 Mass
633 4920 689 4969 ‘De
716 4921 810 4971 Sancta
831 4919 930 4971 Cruce.'
963 4922 987 4971 lt
1008 4923 1099 4988 spered
1121 4921 1228 4987 nothing
1249 4923 1294 4973 but
1316 4938 1332 4971 a
1353 4922 1415 4972 saint
1438 4932 1505 4973 truce
1527 4923 1557 4973 ol
1578 4926 1622 4974 ‘ne

266 4984 430 5051 p....yste’
448 5001 482 5035 on
499 4985 550 5034 line
569 5001 590 5045 1,
609 4985 659 5034 and
677 5001 710 5034 on
728 5000 741 5033 r
762 4985 820 5034 ‘riis

314 5051 325 5081 ¹
341 5052 397 5100 The
408 5066 477 5099 same
487 5050 568 5106 marli,
579 5050 629 5099 and
640 5049 760 5114 similarly
772 5002 911 5114 ptacifi's
921 5061 947 5100 at
962 5067 1039 5115 r4ov.
1053 5051 1114 5116 (13).

315 5116 326 5147 ³
342 5118 444 5167 Manual
456 5131 523 5166 cross
534 5116 560 5165 in
571 5116 667 5180 margin
679 5116 794 5180 opposite
805 5116 943 5182 beginning
953 5116 983 5165 ol
992 5117 1104 5182 Epistle;
1121 5117 1170 5167 and
1183 5118 1265 5167 below
1277 5119 1294 5167 u
1307 5134 1322 5167 a
1333 5118 1411 5166 blank
1423 5133 1528 5169 erasure.
