4109 6275
539 806 589 856 DE
612 805 770 856 SANCTIS
793 804 996 856 APOSTOLIS
1019 802 1142 856 PETRO
1166 805 1214 854 ΕΤ
1238 805 1370 857 PAULO.
1578 806 1639 873 139

274 982 363 1036 Oilerr
394 980 483 1063 Stetit
497 980 616 1050 angelus
636 980 713 1036 iuxta
727 999 810 1065 ⁸araur
830 982 928 1053 templi
979 1003 1075 1046 orum
1099 997 1209 1046 PETR1
1233 992 1266 1047 et
1295 996 1406 1048 ΡΑυιῙ
1433 1002 1637 1066 quaesumus

309 1052 417 1106 habens
430 1052 584 1107 tunbulum
597 1069 713 1107 aureum
727 1071 754 1107 rn
773 1070 859 1107 manu
876 1071 929 1108 sua
980 1071 1134 1152 precibus
1150 1071 1348 1135 adiuuemur
1366 1094 1373 1134 :
1389 1091 1455 1153 per.

308 1132 337 1178 et
362 1124 430 1177 data
451 1133 516 1177 sunt
538 1122 562 1176 ei
585 1124 701 1177 incensa
723 1123 812 1179 multa
834 1134 862 1179 et
884 1142 927 1179 as·

309 1194 403 1248 cendit
427 1193 521 1248 sumus
543 1205 701 1249 aromatum
723 1195 752 1249 in
774 1206 927 1266 conspectu

309 1265 354 1319 dei
367 1265 486 1320 alleluia
752 1266 754 1271 “

519 1360 681 1409 ΒΕΟΒΕΤΑ,

354 1443 458 1506 ostias
474 1443 534 1506 tibi
551 1445 687 1507 domine
700 1444 807 1507 laudis
819 1445 927 1508 offeri·

379 1550 452 1592 mus
463 1580 469 1593 .
480 1529 675 1613 suppliciter
690 1533 925 1614 deprecantes.

273 1629 310 1680 ut
333 1617 467 1680 easdem
492 1618 645 1701 angelico
669 1639 729 1701 pro
756 1620 852 1683 nobis
879 1621 927 1682 in·

273 1705 480 1768 terueniente
510 1705 691 1789 suffragio.
711 1718 745 1770 et
775 1708 926 1789 placatus

273 1792 418 1873 accipias
438 1840 446 1855 .
464 1802 498 1857 et
529 1794 570 1856 ad
602 1793 745 1857 salutem
777 1804 924 1857 nostram

273 1880 448 1961 prouenire
470 1880 634 1943 concedas
652 1905 658 1943 τ
675 1902 741 1963 per.

1158 1232 1457 1283 POSTOOMMUNlO.

986 1327 1155 1453 Protege
1176 1323 1313 1386 domine
1331 1323 1494 1406 populum
1514 1332 1609 1387 tuum
1630 1347 1636 1387 :

1061 1419 1095 1472 et
1118 1409 1346 1492 apostolorum
1370 1420 1504 1474 tuorum
1526 1424 1635 1473 PETRI

978 1505 1012 1560 et
1036 1509 1146 1561 ΡΑυιι
1173 1497 1359 1578 patrocinio
1385 1497 1635 1562 confidentem,

979 1594 1142 1666 perpetua
1156 1583 1351 1647 defensione
1373 1604 1535 1649 conserua
1554 1605 1636 1669 :per

977 1672 1153 1734 dominum
1178 1682 1329 1735 nostrum
1354 1673 1470 1735 iesum.

982 1890 1130 1948 ΜΙΒΒΑ
1179 1891 1224 1949 ΙΝ
1275 1891 1632 1952 υΕΝΕΒΑΤΙΟΝΕ

980 1972 1291 2032 8ΑΝΟΤΟΗΗΜ
1320 1973 1533 2043 QUORUM
1561 1976 1633 2034 ΗΕ-

981 2053 1178 2122 [laurae
1243 2056 1286 2113 ΙΝ
1355 2057 1631 2117 ΡΒΑΕὸΕΝΤΙ

981 2137 1331 2206 uEQulfisourlT
1351 2139 1634 2200 nfiooefisln.

977 2257 1225 2392 {Propitiare²
1259 2279 1462 2341 quaesumus
1497 2259 1633 2322 domine

1077 2347 1172 2409 nobis
1194 2345 1327 2409 famulis
1347 2347 1428 2408 tuis⁸
1449 2347 1633 2428 persancti

977 2446 1186 2498 AUGUSTINI
1217 2432 1416 2496 confessoris
1451 2433 1500 2495 tui
1532 2441 1633 2515 atque

977 2518 1164 2602 pontificis,
1178 2541 1231 2582 nec
1251 2541 1314 2582 nou
1329 2530 1360 2582 et
1377 2530 1550 2582 ceterorum
1566 2540 1632 2582 om·

976 2608 1068 2671 nium
1097 2616 1282 2670 sanctorum
1311 2627 1449 2689 quorum
1479 2605 1635 2688 reliquiae

977 2694 1012 2758 in
1043 2694 1187 2777 presenti
1221 2694 1438 2757 continentur‘
1471 2694 1632 2757 aecclesia

977 2783 1094 2846 merita
1114 2781 1260 2864 gloriosa
1276 2830 1283 2846 .
1299 2790 1335 2843 ut
1356 2801 1471 2843 eorum
1496 2781 1560 2864 piis
1583 2781 1632 2844 in·

976 2869 1231 2934 tercessionibus
1253 2868 1296 2931 ab
1319 2869 1476 2931 omnibus
1499 2888 1632 2950 semper

976 2967 1192 3039 protegamur
1207 2955 1356 3019 aduersis
1377 2979 1383 3018 :
1399 2976 1466 3038 per.

274 2036 345 2088 Com
382 2035 545 2090 Benedicite
568 2051 668 2090 omnes
695 2036 787 2104 angeli
817 2037 924 2092 domini

308 2106 425 2160 domino
454 2123 571 2175 ymnum
600 2105 686 2161 dicite
713 2116 741 2161 et
768 2124 852 2177 super
880 2126 925 2162 ex·

309 2177 394 2231 altate
411 2194 476 2232 eum
495 2177 524 2231 in
543 2178 663 2232 saecula

450 2303 749 2353 postcommunio

282 2390 445 2517 Repleti
459 2390 594 2452 domine
607 2390 840 2453 benedictione
852 2411 926 2454 cae-

368 2476 441 2539 lesti
458 2477 652 2559 suppliciter
667 2499 847 2541 exoramus
866 2502 872 2540 :
889 2488 925 2541 ut

272 2565 363 2647 quod
395 2563 501 2646 fragili
533 2565 762 2628 caelebramus
792 2563 925 2629 officio.

272 2661 463 2714 sanctorum
485 2651 679 2733 angelorum
699 2662 800 2735 atque
815 2652 925 2735 llarch-

273 2738 467 2821 angelorum
505 2739 601 2802 nobis
634 2741 793 2822 prodesse
823 2742 925 2803 senti-

272 2846 368 2888 amus
390 2826 518 2889 auxilio
536 2850 543 2888 ε
559 2847 625 2908 per.

297 3011 356 3069 [)Ε
387 3011 599 3072 8ΑΝΟΤ18
628 3013 904 3074 ΑΡο8Το1.18

373 3094 534 3156 petuo
568 3096 626 3156 ΕΤ
659 3096 831 3157 anuto,
1224 3109 1387 3159 secuere

349 3214 431 3279 EUS¹
478 3216 571 3277 cuius
609 3216 750 3277 dextera
789 3216 923 3279 beatum
980 3202 1170 3330 Suscipiat
1200 3201 1379 3263 clementia
1406 3211 1463 3264 tua
1494 3203 1629 3265 domine

368 3315 521 3366 PETRUM
542 3301 771 3366 ambulantem
791 3304 823 3365 jn
846 3302 924 3366 flue.
1049 3308 1251 3371 quaesumus
1273 3288 1314 3350 de
1334 3289 1488 3350 manibus
1508 3289 1629 3351 nostris

271 3391 360 3452 tibus
382 3410 423 3452 ne
444 3399 648 3471 mergeretur
668 3391 797 3453 erexit.
813 3400 847 3453 et
869 3411 923 3454 co·
976 3396 1097 3438 munus
1127 3374 1277 3438 Oblatum
1293 3423 1300 3438 ·
1317 3375 1407 3474 quod
1435 3396 1495 3475 Pei
1523 3377 1628 3438 SflssCll

271 3477 461 3558 apostolum
507 3478 577 3539 eius
624 3490 779 3541 PAULUM
825 3479 924 3541 tertio
975 3475 1185 3527 AUGUSTINI
1215 3460 1414 3525 confessoris
1447 3472 1495 3525 tul
1528 3471 1629 3545 atque

273 3563 525 3645 naufragantem
553 3564 595 3626 de
622 3563 788 3646 profundo
813 3564 922 3648 pelagi
975 3548 1143 3632 pontificis
1166 3570 1220 3612 nec
1241 3570 1303 3612 non
1322 3559 1354 3611 et
1370 3559 1542 3613 ceterorum
1563 3571 1628 3612 om-

272 3649 424 3714 libefaust
439 3701 445 3714 ,
462 3651 586 3714 exaudi
606 3671 667 3713 005
689 3652 851 3734 propitius
867 3704 873 3716 ‚
890 3663 924 3715 et
974 3637 1068 3699 nium
1082 3646 1266 3700 sanctorum
1286 3657 1422 3717 quorum
1442 3636 1576 3718 reliquie
1595 3636 1630 3699 in

270 3739 417 3801 concede
433 3749 470 3802 ut
485 3738 660 3801 amborum
678 3739 802 3802 mefitis
819 3749 923 3803 aeter.
967 3724 1113 3805 presenti
1132 3725 1337 3787 continentur
1357 3723 1498 3786 ecclesia·
1520 3744 1629 3787 sacras

272 3825 386 3888 nitatis
415 3826 557 3906 gloriam
584 3845 829 3907 consequamur
844 3849 851 3888 :
866 3828 922 3909 qui
974 3812 1143 3873 orationes
1153 3862 1159 3873 .
1170 3811 1214 3874 ab
1225 3811 1381 3873 omnibus
1394 3831 1455 3874 nos
1467 3812 1627 3875 emundet

270 3932 345 3975 cum
362 3914 427 3976 deo
443 3923 546 3994 patre.

520 4055 683 4103 SECRETA.

345 4141 492 4204 fferimus
516 4141 575 4204 tibi
596 4141 732 4205 dominc
754 4162 867 4223 preces
890 4152 924 4205 et

367 4249 535 4292 munera.
559 4248 645 4310 quae
686 4237 723 4291 ut
760 4237 819 4291 tuo
857 4229 923 4292 sint

270 4317 374 4398 digna
397 4325 576 4399 conspectu
595 4365 601 4377 .
620 4315 846 4397 apostolorum
872 4325 923 4378 tu·

531 4451 540 4502 ΙΙ
552 4445 595 4494 lol.
614 4460 666 4507 15²·

975 3899 1121 3980 peccatis
1139 3921 1146 3961 ε
1163 3919 1229 3979 per.

1154 4049 1451 4104 ΡΟΒΤΟΟΜΜΗΝΙΟ.

985 4140 1141 4273 Diuina
1172 4139 1314 4202 libantes
1349 4139 1507 4219 mysteria
1541 4160 1628 4222 quae

1071 4247 1130 4309 pro
1163 4226 1269 4289 sancti
1305 4237 1514 4289 AUGUST1N1
1548 4247 1627 4290 con-

974 4314 1107 4378 fessoris
1141 4313 1188 4378 tui
1222 4323 1325 4395 atque
1357 4311 1522 4394 pontificis
1545 4363 1551 4376 .
1576 4335 1629 4378 nec

1223 4443 1228 4503 Ι
1239 4442 1283 4492 fol.
1299 4455 1343 4504 152
1352 4459 1377 4491 v.

320 4613 327 4645 ¹
346 4614 420 4663 Marlr
432 4631 460 4663 as
471 4622 496 4663 at
512 4630 557 4674 ¹40
565 4630 590 4662 v.
603 4613 655 4678 (13)
668 4613 693 4662 in
705 4614 748 4662 the
759 4621 830 4662 outer
841 4613 937 4676 margin
949 4612 1065 4677 opposite
1078 4612 1120 4662 the
1132 4612 1269 4677 beginning
1279 4611 1308 4660 ol
1317 4610 1366 4661 this
1378 4612 1456 4662 Mass.

319 4677 330 4709 ¹
348 4680 422 4729 Mark
434 4696 462 4728 as
473 4689 498 4728 at
514 4695 592 4740 140v.
608 4679 669 4741 (13),
682 4680 732 4727 aud
744 4678 864 4742 similarly
876 4678 973 4742 placed.

318 4742 330 4774 ⁸
347 4746 470 4809 Opposite
485 4745 549 4793 lines
567 4760 576 4793 r
594 4745 644 4793 and
658 4760 680 4802 τ,
694 4745 744 4792 and
762 4744 787 4791 in
802 4742 844 4792 the
858 4751 929 4792 outer
940 4743 1046 4805 margin,
1059 4742 1080 4791 is
1093 4757 1109 4790 a
1121 4741 1246 4806 pencilled
1257 4743 1455 4803 memorandum,
1470 4751 1627 4794 ‘sauctorum

270 4810 440 4875 apostolorum
458 4818 556 4859 tuorum
574 4809 637 4873 petri
657 4819 682 4857 et
702 4808 790 4873 pauli,’
807 4809 832 4857 in
850 4808 920 4857 three
938 4808 1016 4864 liues;
1042 4807 1093 4856 and
1111 4808 1224 4857 between
1240 4808 1284 4857 the
1298 4808 1368 4866 lines,
1384 4823 1412 4856 as
1429 4824 1461 4857 an
1481 4809 1581 4859 enclitic
1601 4820 1628 4860 to

272 4874 387 4933 ‘sancti’
399 4876 441 4924 the
453 4874 635 4937 monosyllable
649 4874 730 4939 ‘que’

318 4940 329 4971 ⁴
345 4940 402 4989 'l'he
417 4940 501 4989 words
518 4939 576 4989 bere
594 4939 715 4988 italicized
732 4955 774 4988 are
791 4954 823 4987 on
841 4954 856 4987 a
873 4938 923 4987 line
940 4937 990 4987 and
1008 4953 1023 4985 a
1043 4937 1098 4987 hall
1112 4937 1142 4987 os
1158 4953 1265 4999 erasure,
1285 4943 1346 4989 ‘nec
1363 4955 1414 4988 non
1432 4947 1458 4989 et
1474 4939 1627 4990 ceterorum'

269 5005 346 5070 being
357 5005 431 5055 made
443 5013 469 5054 to
481 5005 577 5054 imitate
588 5004 631 5054 the
643 5004 695 5054 first
707 5004 813 5067 writing.

319 5070 329 5102 ⁵
345 5070 401 5120 The
417 5069 540 5119 italicized
559 5070 640 5119 words
659 5086 701 5118 are
722 5070 746 5118 in
764 5068 870 5117 another
885 5068 970 5127 hand;
994 5067 1038 5116 the
1058 5067 1109 5117 first
1127 5068 1164 5116 six
1185 5083 1217 5117 on
1237 5084 1269 5118 an
1289 5085 1388 5120 erasure
1407 5069 1433 5118 in
1453 5069 1504 5119 line
1527 5085 1563 5129 rr,
1585 5071 1627 5121 the

270 5136 410 5200 remaining
421 5136 458 5185 six
469 5136 496 5184 in
508 5136 551 5185 the
561 5147 633 5184 ourer
645 5134 740 5199 margin
752 5134 781 5183 ol
789 5135 839 5183 line
855 5148 890 5183 rr.
