4109 6275
685 803 820 854 SANCTI
846 804 969 855 MAURI
992 803 1158 856 ABBATIS.
1561 806 1603 872 73

481 981 646 1032 secum.

248 1072 313 1198 H
323 1073 427 1138 ostias
436 1074 497 1138 tibi
507 1075 643 1140 domine
652 1075 741 1140 beati
754 1088 897 1140 rums

346 1160 545 1226 confessoris
561 1162 610 1226 tui
626 1163 754 1227 dicatas
770 1162 897 1226 meritis

243 1247 406 1330 benignus
422 1267 574 1313 assume.
587 1259 621 1314 et
637 1250 680 1313 ad
697 1259 895 1333 perpetuum

243 1335 339 1399 nobis
358 1336 468 1400 tribue
489 1339 664 1420 prouenire
683 1337 870 1401 subsidium
889 1359 896 1399 :

242 1440 301 1503 per
316 1422 501 1488 dominum.

458 1557 679 1606 ΡΒΑΕΡΗΑΤΙΟ.

295 1663 440 1737 [4Blank
458 1684 573 1722 erasure
590 1667 718 1738 osseum
736 1664 843 1738 linesP

418 1809 714 1858 ΡΟΒΤΟΟΜΜϋΝΙΟ.

316 1919 519 1971 UAESUMUS
534 1906 670 1970 domine
686 1908 769 1971 deus
784 1913 897 1970 noster

241 1913 309 2082 Q
337 1992 537 2057 salutaribus
564 1994 680 2077 repleti
708 1993 895 2076 mysteriis.

243 2090 280 2144 ut
295 2081 388 2143 cuius
409 2081 560 2144 solennia
580 2081 787 2145 celebramus
803 2130 811 2144 .
826 2081 897 2143 eius

242 2168 449 2232 orationibus
472 2168 669 2232 adiuuemur
684 2193 691 2233 :
707 2188 766 2251 per
789 2166 897 2231 domi-

243 2274 332 2318 num.

257 2463 434 2524 8ΑΝΟΤ1
470 2465 623 2525 ΜΑϋΒΙ
656 2466 876 2527 assatis.

318 2576 388 2628 uus
426 2575 493 2639 Qur
536 2575 768 2627 uomsnunu
806 2562 896 2627 diem

339 2651 427 2715 beati
463 2663 586 2714 MAURI
620 2648 818 2713 contessoris
848 2651 895 2713 tui

243 2748 344 2820 atque
362 2738 494 2801 abbatis
515 2757 609 2801 sacro
625 2737 765 2800 transitu
782 2757 896 2801 conse-

243 2825 359 2909 crallsti
376 2824 540 2889 :concede
557 2824 652 2887 nobis
668 2824 833 2907 propitius
848 2826 896 2888 in-

165 2951 175 2961 ·
244 2910 378 2975 offensis
393 2932 453 2995 per
468 2912 539 2975 eius
558 2912 710 2974 instituta
728 2912 897 2995 gressibus

244 3019 410 3082 pergere.
439 3008 475 3062 ut
508 2999 658 3062 eiusdem
693 2999 725 3061 in
761 3000 897 3082 regione

243 3087 428 3151 uiuentium
459 3106 648 3151 mereamur
676 3085 807 3171 gaudiis
838 3086 896 3150 ad-

244 3174 372 3238 misceri
391 3195 481 3258 :per

485 3307 650 3359 3ΕΟΗΕΤΑ.

316 3394 416 3459 blatis
428 3394 565 3458 domine
577 3391 622 3456 ob
633 3393 793 3456 honorem
806 3393 896 3457 beati

338 3495 463 3546 Mnuul
484 3478 682 3544 confessoris
701 3480 748 3544 tui
765 3479 897 3562 placare

244 3569 436 3632 muneribus
462 3618 469 3633 .
493 3577 528 3632 et
565 3567 669 3650 ipsius
707 3568 895 3632 interuentu

243 3655 378 3720 famulis
401 3656 468 3719 tuis
491 3664 687 3719 cunctorum
714 3655 823 3719 tribue
848 3656 897 3718 in·

242 3740 453 3826 dulgentiam
476 3752 689 3825 peccatorum
708 3790 716 3806 .
732 3762 800 3825 per.

240 3862 303 3988 V
312 3861 385 3912 ERE

383 3997 514 4072 [ψῆτταν
529 3999 603 4055 lines
619 3997 752 4071 erasedP

242 4110 327 4173 rdeo.

416 4211 713 4292 postcommunio.

239 4307 446 4435 Supplices
461 4318 495 4372 te
511 4328 668 4390 rogamus
683 4309 898 4392 omnipotens

316 4397 400 4461 deus
424 4417 432 4460 :
456 4405 493 4460 ut
526 4396 768 4460 interueniente
798 4396 898 4460 beato

245 4496 379 4548 MAURO
409 4481 600 4547 consessore
626 4491 686 4547 tuo
712 4491 813 4566 atque
839 4484 897 4547 ab

244 4570 321 4635 bate
338 4579 394 4633 .et
416 4580 475 4634 tua
498 4570 531 4633 in
556 4570 653 4633 nobis
675 4571 765 4634 dona
786 4570 897 4634 multi·

511 4706 578 4767 liol.
593 4718 632 4770 μ

948 977 1052 1061 plices
1063 1026 1071 1042 .
1083 986 1117 1041 et
1134 986 1287 1062 tempora
1300 989 1412 1043 nostra
1424 978 1584 1060 disponas
1597 1000 1604 1040 :

948 1086 1014 1148 per.

947 1244 1128 1305 8ΑΝΟΤΙ
1160 1246 1410 1308 muscitet
1440 1246 1600 1306 ΡΑΡΑΕ.

1205 1366 1343 1415 ΟΒΑΤΙΟ.

1010 1468 1125 1519 RECES
1142 1469 1277 1520 POPULl
1294 1468 1359 1520 TUI
1373 1467 1603 1532 QUAESUMUS

1031 1555 1183 1606 uolnus
1203 1555 1434 1607 cuent-:uren
1455 1542 1603 1606 exaudi.

948 1638 984 1692 ut
1015 1629 1105 1693 beati
1137 1644 1327 1694 MARCELL1
1365 1630 1521 1711 martyris
1555 1630 1602 1692 tui

947 1725 1050 1799 atque
1065 1716 1232 1800 pontificis
1248 1717 1375 1781 meritis
1387 1717 1602 1781 adiuuemur.

948 1800 1049 1886 leuius
1065 1805 1220 1887 passione
1236 1803 1399 1869 laetamur
1417 1827 1424 1868 :
1440 1824 1505 1887 per.

1193 1949 1355 1997 SEORETA.

947 2031 1113 2161 Suscipe
1140 2051 1342 2114 quaesumus
1368 2030 1504 2094 domine
1532 2050 1603 2093 mu·

1022 2138 1102 2182 nera
1117 2117 1295 2200 dignanter
1309 2118 1424 2182 oblata
1439 2167 1447 2182 .
1462 2126 1496 2180 et
1513 2117 1602 2180 beati

949 2217 1139 2269 MARCELLI
1192 2204 1453 2287 suffragantibus
1506 2205 1603 2267 meri·

948 2292 1012 2355 tis.
1030 2293 1072 2355 ad
1105 2302 1239 2355 nostrae
1269 2290 1386 2355 salutis
1417 2292 1601 2355 remedium

947 2378 1123 2461 prouenire
1146 2380 1293 2443 concede
1311 2402 1318 2442 :
1333 2399 1400 2462 per.

1163 2516 1386 2564 ΡΗΑΕΡΗΑΤΙΟ.

1018 2614 1106 2671 unu’
1120 2620 1298 2671 serenus
1316 2607 1394 2690 :qui
1410 2606 1604 2689 glorificaris

1041 2696 1073 2757 in
1105 2704 1238 2758 tuorum
1270 2693 1478 2758 confessione
1508 2714 1603 2757 sanc·

949 2792 1059 2845 torum
1081 2830 1088 2845 .
1107 2791 1140 2845 et
1171 2802 1238 2844 non
1270 2780 1378 2844 solum
1409 2780 1604 2844 excellenti·

948 2869 1061 2932 oribus
1083 2868 1239 2950 praemiis
1262 2877 1447 2950 martyrum
1469 2879 1603 2931 tuorum

949 2957 1068 3019 merita
1104 2956 1250 3037 gloriosa
1289 2955 1522 3037 prosequeris.
1544 2955 1602 3018 sed

948 3044 1049 3106 etiam
1063 3063 1156 3106 sacra
1167 3042 1326 3124 mysteria
1335 3042 1604 3125 competentibus

947 3130 1091 3194 seruitiis
1114 3141 1320 3213 exequentes
1338 3129 1521 3212 :gaudium
1544 3128 1604 3192 do·

949 3218 1030 3281 mini
1053 3218 1105 3281 sui
1128 3218 1246 3280 tribuis
1269 3217 1433 3299 benignus
1456 3217 1605 3281 intrare:

948 3325 1007 3388 per
1021 3304 1191 3368 christum.

1122 3446 1420 3497 postcommunio.

1001 3531 1112 3594 atiasti
1143 3531 1280 3594 domine
1312 3530 1474 3596 familiam
1510 3541 1603 3595 tuam

944 3632 963 3659 k
1023 3618 1216 3681 muneribus
1248 3618 1350 3682 sacris
1374 3619 1473 3681 :eius
1504 3638 1605 3702 quae·

949 3723 1064 3767 sumus
1097 3725 1230 3787 semper
1264 3706 1509 3769 interuentione
1544 3725 1605 3769 nos

949 3790 1064 3855 reloue
1079 3839 1086 3855 .
1103 3792 1195 3856 cuius
1211 3791 1363 3856 solennia
1377 3793 1605 3856 celebramus:

949 3897 1017 3960 per.

966 4045 1194 4107 ΒΑΝΟΤΑΕ
1234 4046 1440 4107 unisone
1480 4048 1575 4107 Ulli·

1008 4129 1145 4190 Gtuls
1173 4130 1232 4190 ΕΤ
1259 4130 1526 4191 mumulus.

1201 4233 1338 4281 ΟΒΑΤΙΟ.

1022 4334 1048 4384 Α
1084 4333 1315 4398 QUAESUMUS
1358 4336 1604 4389 OMNIPOTENS

1045 4420 1144 4472 usus
1164 4430 1172 4471 ε
1191 4421 1241 4472 υτ
1268 4422 1335 4486 Qu1
1363 4410 1481 4474 beatae
1509 4425 1604 4476 mus

948 4507 1021 4558 cllE
1034 4494 1189 4577 martyris
1200 4504 1277 4558 tuae
1286 4495 1437 4560 solennia
1446 4497 1603 4562 colimus.

947 4591 982 4645 et
1004 4601 1117 4645 annua
1138 4581 1340 4647 solennitate
1367 4582 1552 4650 laetemur.
1569 4595 1603 4649 et

1206 4710 1211 4771 Ι
1221 4708 1265 4760 fol·
1278 4723 1343 4774 7411.

290 4866 300 4899 ¹
320 4868 389 4918 Here
400 4868 450 4918 and
462 4868 488 4918 iu
499 4867 573 4918 other
582 4867 635 4918 like
646 4882 717 4917 cases
728 4866 770 4917 tbe
781 4866 854 4917 small
865 4867 964 4933 printed
976 4883 1044 4918 eross
1056 4867 1111 4930 [4]
1123 4883 1209 4918 means
1220 4868 1274 4918 that
1286 4868 1355 4918 there
1366 4868 1388 4919 is
1398 4885 1413 4919 a
1424 4870 1525 4920 manual
1536 4886 1604 4921 crosa

243 4933 269 4983 iu
281 4933 324 4984 the
334 4933 423 4985 lateml
434 4934 531 4998 margin
543 4933 659 4999 opposite
671 4933 713 4983 the
725 4932 862 4998 beginning
873 4932 902 4982 ol
910 4933 953 4983 the
964 4933 1051 4983 erased
1065 4932 1174 4983 Preisce.

290 4996 302 5029 ¹
318 4999 354 5048 At
372 4999 415 5051 the
431 4999 569 5065 beginuhg
584 4998 614 5048 ol
627 4998 670 5049 the
685 4998 778 5048 second
792 4998 843 5047 sud
859 4998 924 5048 third
941 4997 1012 5055 lines,
1028 4998 1201 5062 respectively,
1217 4997 1388 5049 ‘confessoris’
1404 5000 1454 5050 and
1472 5000 1547 5050 ‘tem’
1561 5016 1604 5051 are

241 5063 399 5115 discernible.

290 5128 303 5161 ⁸
320 5129 424 5179 Manual
436 5145 504 5179 crues
515 5129 541 5179 iu
552 5129 668 5194 adjacent
680 5128 786 5194 margin.

332 5243 369 5294 M.
387 5244 420 5295 R.

1479 5248 1518 5296 10
