4109 6275
434 800 478 848 20
813 795 1004 847 DOMINICA
1027 793 1070 844 IN
1093 794 1419 857 QUINQUAGESIMA.

432 971 673 1038 tribulacionem
704 981 848 1035 nostram
878 968 1007 1033 adhesit
1039 969 1087 1031 in·
1134 967 1277 1109 ΕΜ
1303 968 1388 1033 milri
1412 968 1448 1032 in
1473 969 1568 1033 deum
1586 978 1794 1050 protectorem

433 1070 520 1124 terra
540 1059 688 1123 nenniter
706 1068 813 1123 nester
828 1078 947 1140 exurge
961 1056 1090 1120 domine
1234 1056 1321 1120 etin
1341 1057 1444 1121 locum
1465 1058 1588 1139 refugii
1607 1068 1645 1119 ut
1662 1056 1794 1119 saluum

432 1147 558 1211 aeliuua
573 1168 631 1210 nos
643 1156 676 1209 et
688 1145 789 1211 libera
800 1166 863 1208 nos.
897 1145 954 1207 Ps.
997 1143 1090 1206 Deus
1138 1165 1189 1207 me
1212 1144 1348 1225 facias.
1364 1143 1517 1226 quoniam
1540 1144 1793 1226 firmamentum

433 1254 504 1298 aur.
557 1235 688 1317 epistola
754 1233 890 1298 libenter
931 1230 1087 1312 suffertis.
1138 1251 1244 1294 meum
1264 1240 1296 1294 et
1313 1231 1481 1313 refugium
1502 1252 1663 1295 meumes
1685 1241 1741 1294 tu:
1764 1240 1795 1293 et

433 1321 538 1403 {Genti
573 1321 804 1403 Ser'antgeutes
812 1319 966 1402 querelem
976 1338 1089 1381 nornen
1132 1329 1264 1401 propter
1285 1339 1397 1381 nornen
1420 1329 1513 1382 tuum
1535 1318 1605 1381 dux
1625 1318 1709 1381 milti
1729 1317 1794 1380 eris

433 1408 496 1472 tibi
515 1407 594 1470 deus
617 1417 652 1470 tu
674 1407 762 1470 solus
787 1407 971 1470 altissimus
994 1417 1091 1487 super
1137 1416 1168 1469 et
1186 1406 1329 1469 enutries
1351 1426 1406 1468 me.
1448 1411 1505 1469 l’s.
1553 1406 1591 1467 ln
1614 1414 1645 1468 te
1665 1404 1795 1467 doneine

433 1515 557 1558 omnem
582 1504 711 1558 terram.
762 1496 841 1558 Vers
890 1494 980 1556 Deus
1000 1513 1090 1555 metes
1137 1493 1273 1573 speraui.
1310 1496 1439 1575 epistola
1486 1492 1529 1555 Si
1547 1492 1671 1575 linguis
1689 1491 1792 1554 homi·

425 1592 509 1664 pone
524 1580 596 1644 illes
610 1591 648 1645 ut
662 1591 767 1643 rotam
781 1590 814 1643 et
830 1580 915 1644 sicut
932 1580 1088 1663 stipulam
1138 1601 1227 1643 num.
1274 1582 1374 1644 Greci.
1427 1579 1458 1641 Τ
1453 1601 1475 1642 u
1489 1600 1523 1642 es
1539 1579 1689 1662 deusqui
1701 1579 1794 1661 sacis

432 1678 508 1731 ante
540 1669 665 1751 sacrem
705 1669 801 1732 uenti.
849 1670 945 1730 Troet
996 1666 1089 1733 Corn·
1139 1666 1307 1731 mirabilia
1321 1666 1408 1731 solus
1423 1675 1531 1729 notum
1539 1666 1653 1747 fecisti
1668 1667 1703 1730 in
1712 1687 1791 1748 gen·

434 1756 704 1819 moreistidomine
716 1764 838 1818 terram
848 1765 882 1817 et
890 1753 1092 1818 conturbasti
1138 1753 1225 1817 tibus
1242 1756 1397 1818 uirtutem
1418 1764 1517 1817 tuam.
1561 1752 1638 1816 Vers
1678 1754 1791 1816 Liber-

433 1864 511 1906 eam.
560 1846 639 1909 Vere
690 1842 784 1904 Sana
798 1842 1002 1905 contritiones
1019 1840 1088 1904 eius
1136 1842 1205 1904 asti
1229 1841 1264 1905 in
1291 1841 1419 1905 brachio
1445 1852 1499 1904 tuo
1517 1842 1672 1924 populum
1699 1851 1791 1904 tuum

432 1930 511 2011 quia
527 1939 613 1992 neoto
627 1939 680 1992 est.
723 1931 807 1994 Vers.
861 1928 904 1993 Vt
909 1928 1089 2011 fagnaula
1128 1927 1223 2011 filios
1238 1929 1340 1991 israel
1349 1939 1381 1992 et
1395 1928 1512 2009 ioseph.
1558 1927 1660 1989 Tenet.
1703 1927 1791 1991 lobi·

425 2017 517 2097 facie
541 2037 637 2079 arcus
660 2025 698 2078 ut
719 2016 897 2078 liberentur
918 2016 1005 2078 electi
1028 2015 1086 2077 tui.
1137 2014 1202 2078 late
1240 2016 1369 2079 domino
1407 2016 1513 2079 omnis
1549 2026 1638 2077 terro
1674 2016 1793 2078 sereu'te

428 2128 539 2168 euvnu.
580 2102 663 2169 Curn
678 2104 783 2168 turba.
822 2104 931 2184 Offert.
965 2101 1089 2184 Perfice
1136 2101 1266 2165 domino
1293 2103 1328 2166 in
1351 2103 1464 2166 loturo.
1511 2102 1638 2165 Intrate
1660 2103 1696 2165 iu
1721 2124 1791 2165 con-

428 2211 561 2270 gressus
581 2211 665 2253 meos
686 2189 721 2253 in
737 2189 863 2253 semitis
880 2189 947 2253 tuis
966 2200 1005 2253 ut
1024 2209 1088 2252 non
1136 2200 1239 2270 speetu
1274 2190 1344 2252 eius
1382 2191 1416 2253 iu
1452 2189 1646 2252 exultoa'ene
1684 2191 1793 2253 scitote

434 2287 626 2340 merceantur
640 2277 778 2359 uestigio
793 2298 865 2340 mea
880 2277 1013 2340 inclina
1027 2297 1087 2338 au·
1136 2276 1223 2357 quod
1248 2277 1400 2340 dominus
1428 2280 1493 2358 epse
1519 2287 1568 2339 est
1591 2276 1676 2339 detes.
1721 2277 1793 2358 Ipse

433 2386 501 2428 rem
514 2373 606 2427 tuam
619 2374 652 2427 et
660 2364 781 2428 exaudi
794 2363 891 2427 turba
907 2384 977 2427 mea
993 2364 1088 2427 miri·
1129 2363 1213 2445 fecit
1233 2386 1289 2426 nos
1307 2375 1340 2427 et
1358 2386 1421 2427 nou
1443 2365 1506 2447 ipsi
1527 2385 1585 2427 reos
1606 2385 1663 2427 nos
1682 2375 1790 2427 autem

426 2451 492 2533 fica
522 2451 761 2515 meseruordias
790 2461 865 2514 tuos
892 2451 952 2532 qui
978 2449 1088 2513 saluos
1129 2451 1268 2531 populus
1299 2452 1368 2515 eius
1396 2462 1427 2514 et
1459 2472 1533 2515 oues
1559 2462 1662 2533 poene
1684 2503 1690 2513 .
1713 2453 1790 2515 eius.

423 2538 516 2620 sacis
552 2550 698 2621 sperante
734 2539 769 2602 in
809 2548 845 2602 te.
901 2555 967 2596 coru
1029 2537 1088 2600 In·
1135 2537 1270 2597 everen.
1316 2538 1506 2620 Assumpsit
1527 2537 1679 2614 domiuus
1699 2540 1790 2602 iesus.

432 2625 533 2689 troilo
557 2626 606 2689 ad
631 2626 738 2688 altare
762 2625 816 2688 dei
839 2625 888 2688 od
913 2623 1008 2688 duem
1030 2626 1090 2706 qui
1138 2622 1252 2701 lleffirt.
1301 2624 1492 2689 Benedictus
1512 2646 1545 2688 es
1567 2624 1696 2689 domine
1721 2627 1793 2689 dece

431 2711 564 2797 letificat
585 2713 782 2776 iuuentutem
805 2733 917 2775 meam.
1137 2732 1187 2774 me
1223 2711 1466 2795 iustifieaeeerus
1503 2723 1578 2776 tuas
1591 2762 1599 2775 .
1614 2712 1792 2777 berudietus

1136 2819 1168 2861 es
1200 2798 1329 2862 domine
1359 2799 1431 2863 dece
1464 2822 1513 2864 me
1550 2800 1792 2884 iustifieaceoues

565 2955 572 2967 ‚
978 2956 985 2968 .
1137 2895 1211 2948 tuas
1251 2886 1286 2950 in
1326 2886 1424 2951 lobiis
1464 2887 1543 2950 meis
1571 2888 1794 2968 prontcnciaui

431 2952 617 3082 Supplices
646 2964 675 3018 te
708 2974 860 3055 rogamus
893 2965 1089 3055 omnipotens
1136 2974 1247 3037 mnia
1303 2974 1425 3038 iudicia
1476 2975 1543 3037 ρης
1590 2975 1648 3039 mi,
1724 2986 1789 3026 eoru

503 3041 582 3140 ἄξω
596 3092 603 3142 ;
619 3051 658 3142 'fl
675 3063 753 3141 W
772 3053 839 3106 Μ
859 3043 962 3143 selim
979 3062 1088 3143 salsa·
1136 3059 1425 3124 Mondeuaueruut
1460 3071 1492 3124 et
1530 3063 1676 3126 saturati
1714 3073 1793 3125 sunt

431 3139 548 3192 mmm
574 3128 633 3193 ‘lb'
658 3139 757 3193 mam
776 3130 918 3214 limis
944 3129 1088 3194 'umbus
1137 3148 1238 3211 nimis
1261 3160 1293 3211 et
1320 3147 1517 3212 desiderium
1542 3172 1651 3213 eorum
1677 3151 1793 3214 attulit

431 3215 607 3298 dignanter
619 3216 782 3280 destruite
796 3218 943 3282 concedas
958 3224 1053 3301 sper-¹
1135 3235 1182 3297 eis
1209 3235 1361 3298 dominus
1390 3258 1452 3298 nen
1481 3249 1559 3301 sunt
1580 3238 1742 3318 fraudati
1769 3258 1791 3300 a

553 3395 962 3459 oonrnronmn.
1136 3322 1372 3386 desederwseo.

462 3510 491 3567 Ᾰ.
531 3515 603 3568 Esto
619 3514 687 3569 mihi
707 3515 737 3568 in
755 3515 841 3570 deum
859 3524 1055 3586 protectorem.
1487 3570 1494 3585 ,

1209 3587 1388 3632 uaesumus
1402 3581 1616 3653 omnrpotens
1632 3571 1728 3635 deus:
1753 3581 1791 3636 ut

688 3632 827 3681 ΟΗΑΠΟ·
1230 3656 1287 3737 qui
1326 3657 1483 3721 caelestia
1521 3658 1680 3721 alimenta
1716 3679 1790 3741 per·

437 3732 605 3858 PREOES
645 3732 813 3784 NOSTRAS
853 3732 1086 3796 QUAESUMUS
1135 3742 1383 3826 cepimus.per
1412 3744 1495 3808 haec
1525 3755 1641 3808 contra
1676 3747 1790 3810 omnia

513 3819 1086 3874 nonmecmenssnrnnexnoo1.
1135 3829 1278 3893 aduersa
1294 3831 1500 3895 muniamus:
1525 3853 1589 3913 per.

430 3901 532 3975 atque
552 3913 572 3955 a
593 3903 806 3976 peccatorum
828 3894 969 3957 uinculis
988 3896 1085 3959 abso-

430 3978 518 4042 lutos
541 4028 548 4042 .
572 3979 616 4043 ab
653 3981 744 4044 omni
784 4001 845 4044 nos
882 3981 1085 4046 aduersitate
1395 4035 1409 4081 t

430 4066 669 4149 cust0d1.per.
1199 4047 1525 4160 sennensium
1555 4100 1733 4161 οΑΡιτε

674 4177 837 4226 saonem.
1373 4181 1556 4242 ΙΕΙυΝΙΙ.

678 2839 833 2901 Posteoru.

1315 3475 1611 3524 POSTCOMMUNlO.

442 4267 572 4395 Haec
594 4264 704 4329 hostia
726 4266 862 4330 domine
881 4288 1085 4350 quaesumus
1213 4286 1241 4343 Ᾰ,
1280 4293 1424 4349 Misereris
1443 4294 1570 4349 omnium
1588 4297 1710 4353 domine

535 4352 696 4417 emundet
730 4363 843 4418 nostra
872 4353 1025 4420 delicta.
1050 4365 1084 4421 et
1395 4396 1533 4445 ΟῃΑῃο,

429 4439 625 4504 sacrificium
679 4440 915 4506 celebrandum
971 4443 1084 4508 subdi-

429 4536 539 4629 torum
591 4527 652 4592 tibi
700 4548 840 4612 corpora
889 4539 1085 4615 mentesque
1143 4509 1194 4636 P

428 4612 612 4679 sanctrficet
628 4663 635 4680 .
651 4635 719 4698 per.

687 4732 747 4799 liol.
764 4750 825 4801 r9u.
1398 4742 1408 4794 ΙΙ
1419 4736 1462 4787 iol.
1477 4753 1518 4790 ro.

1196 4508 1338 4559 RAESTA
1389 4509 1540 4560 DOMINE
1590 4513 1789 4568 FIDELIBUS

1216 4596 1320 4647 TUIS:
1352 4596 1402 4646 UT
1430 4596 1665 4650 IEIUNIORUM
1692 4610 1787 4654 uene·

478 4875 488 4908 ¹
504 4876 561 4924 The
572 4875 654 4926 rubric
665 4876 715 4924 and
725 4875 806 4925 initinl
817 4875 891 4927 letter
901 4877 929 4926 oi
942 4877 985 4927 the
997 4877 1228 4935 Postcommunion,
1238 4893 1267 4928 as
1277 4878 1411 4943 originally
1421 4880 1529 4941 written,
1542 4883 1637 4932 remain
1648 4887 1770 4936 unemed
1780 4907 1788 4947 ;

428 4942 473 4991 but
485 4941 527 4990 the
539 4942 676 4990 nibrieotor
687 4940 717 4990 os
729 4942 772 4990 the
783 4941 847 4990 later
858 4943 956 5007 writlng
966 4944 1013 4992 has
1022 4944 1110 4994 drawn
1121 4945 1161 4994 his
1172 4960 1221 5008 pen
1232 4960 1315 4994 across
1329 4943 1372 4994 the
1383 4944 1477 4996 former
1490 4947 1520 4995 of
1533 4948 1610 4999 these
1646 4950 1703 5001 The
1714 4952 1788 5003 latter

429 5007 537 5056 remeius
547 5014 574 5055 to
585 5007 620 5056 do
631 5006 692 5070 duty
704 5005 742 5054 lor
752 5005 795 5055 the
806 5022 894 5070 prayer
904 5022 932 5056 as
943 5008 1080 5058 re·writ1en
1091 5026 1107 5059 a
1118 5010 1182 5060 little
1193 5010 1277 5060 below
1286 5010 1319 5059 its
1330 5010 1435 5075 original
1448 5012 1519 5076 place
1530 5029 1563 5061 on
1574 5013 1619 5063 the
1630 5030 1703 5080 pege.
1732 5018 1788 5069 The

429 5087 528 5121 erasure
541 5071 627 5135 begins
638 5087 672 5119 on
688 5085 716 5137 ¹9
727 5070 780 5137 (19)
792 5072 842 5120 and
854 5073 916 5121 ends
927 5089 960 5122 on
975 5089 1038 5139 1912.
1051 5074 1095 5137 (8).

478 5134 490 5166 ²
505 5136 609 5186 Monuni
618 5152 685 5185 cross
693 5136 718 5184 in
728 5144 800 5186 outer
809 5136 905 5200 margin
916 5138 946 5187 oi
956 5154 1016 5205 ¹9¹²·
1027 5139 1089 5203 (15).
1116 5139 1208 5189 Traces
1219 5139 1249 5189 oi
1256 5140 1339 5189 rubn'e
1347 5141 1398 5190 end
1406 5141 1494 5191 initiet.
1524 5143 1667 5195 Erasureof
1676 5148 1706 5210 7}
1715 5149 1787 5199 lines.
