4109 6275
667 784 860 836 ooumrcn
883 787 999 838 unms
1023 789 1245 843 pneumon.
1597 798 1635 865 35

475 954 540 1001 PRO
569 955 714 1007 POPULO.
1222 964 1384 1012 ΒΕΟΒΕΤΑ.

271 1041 462 1168 Tueatur
476 1066 679 1129 quaesumus
694 1047 831 1113 domine
846 1050 930 1113 dex·
1065 1083 1124 1126 aec
1150 1064 1311 1130 sacrificia
1337 1087 1399 1130 nos
1423 1069 1637 1151 omnipotens

365 1142 435 1196 tera
466 1143 524 1197 tua
554 1134 715 1217 populum
749 1137 930 1219 deprecan·
1087 1151 1170 1214 deus
1208 1154 1337 1235 potenti
1381 1155 1503 1219 uirtute
1541 1176 1637 1219 mun-

276 1229 343 1283 tem
360 1270 381 1321 ..
416 1230 450 1284 et
495 1219 707 1323 purificatum
752 1223 932 1306 dignanter
980 1235 1161 1301 datos.ad
1195 1261 1292 1304 suum
1329 1240 1453 1306 faciant
1489 1244 1638 1325 puriores

275 1308 404 1371 erudiat
421 1357 427 1370 .
444 1318 481 1371 ut
507 1309 736 1373 consolatione
763 1313 930 1394 praesenti
982 1326 1095 1388 uenire
1111 1327 1311 1411 principium
1328 1378 1334 1392 .
1352 1349 1418 1411 per.

277 1393 330 1478 {ad
347 1395 457 1458 sutura
473 1395 563 1459 bona
579 1395 748 1478 proficiat:
771 1419 838 1480 per.

1152 1489 1451 1538 POSTOOMMUNJO.

290 1587 542 1650 ΟΟΜΙΝΙΟΑ
592 1593 747 1655 ΒΑΜΙε
796 1593 898 1652 ΡΑι,-
980 1572 1180 1701 Prebeant
1203 1581 1299 1644 nobis
1324 1582 1460 1645 domine
1483 1583 1634 1646 diuinum

497 1674 692 1737 ΜΑΗυΜ.
1063 1676 1122 1730 tua
1169 1679 1287 1733 sancta
1335 1669 1497 1734 feruorem
1528 1719 1535 1733 .
1567 1690 1635 1753 quo

980 1773 1095 1817 eorum
1120 1756 1242 1837 pariter
1267 1766 1301 1820 et
1327 1767 1404 1821 actu
1431 1757 1636 1821 delectemur

362 1786 391 1845 Ᾰ.
437 1795 563 1849 Domine
582 1811 618 1850 ne
635 1796 720 1864 longe
740 1796 837 1851 facias.
980 1850 1014 1902 et
1031 1842 1159 1905 fructu.
1183 1863 1249 1926 pes·

522 1912 663 1962 ΟΒΑΤΙΟ.

340 2017 920 2074 Muruo'roussanrrrnuuuuuus
1141 1989 1250 2036 SUPER
1278 1989 1455 2039 ΡΟΡυΙ-υΜ·

361 2106 424 2168 Qvl
451 2110 617 2161 HUMANO
633 2110 775 2160 GENERI
790 2111 841 2160 AD
856 2112 928 2160 1M1-
1054 2094 1156 2157 diuua
1169 2115 1228 2158 nos
1241 2097 1323 2159 deus
1335 2096 1490 2160 salutaris
1503 2105 1633 2160 noster.

274 2196 437 2248 TANDUM
482 2182 680 2248 humilitatis
723 2186 928 2267 exemplum.
1075 2183 1165 2246 etad
1184 2182 1345 2246 beneficia
1365 2184 1542 2247 recolenda
1562 2184 1634 2266 qui-

274 2270 474 2335 saluatorem
513 2282 663 2336 nostrum
703 2293 836 2335 carnem
874 2293 929 2336 su·
980 2267 1043 2330 bus
1080 2289 1140 2332 nos
1176 2269 1359 2334 instaurare
1389 2272 1548 2353 dignatus
1581 2292 1634 2333 es:

275 2378 363 2421 mere
379 2368 414 2422 et
429 2379 559 2422 crucem
576 2360 687 2422 subire
707 2358 826 2423 fecisti:
850 2380 927 2422 con·
979 2354 1089 2419 tribue
1104 2357 1216 2420 uenire
1232 2358 1437 2439 gaudentes:
1460 2379 1526 2441 per.

273 2446 354 2509 cede
391 2447 554 2528 propitius
578 2497 584 2509 .
608 2456 645 2510 ut
678 2455 712 2510 et
746 2447 928 2530 patientiae

272 2531 376 2614 ipsius
391 2534 514 2597 habere
534 2535 755 2598 documenta.
768 2545 802 2598 et
825 2555 927 2598 resur-

272 2620 425 2683 rectionis
446 2622 613 2684 consortia
637 2642 840 2685 mereamur:
869 2643 929 2705 per

272 2707 424 2770 eundem.

507 2827 672 2878 secuero.

334 2929 486 2980 ONCEDE
523 2937 727 3000 quaesumus
763 2918 925 2982 domine.

1183 2593 1419 2654 ΡΕΗΙΑΛΙΙ.

1169 2738 1199 2797 d·
1246 2752 1308 2805 Nos
1327 2761 1430 2806 autem.

1227 2895 1366 2945 ounTiO.

356 3014 393 3068 ut
404 3003 509 3068 oculis
521 3006 793 3069 tuaemaiestatis
805 3027 925 3070 munus
1054 3010 1632 3065 MNIPOTENSSEMPITERNEDEUS:

271 3090 421 3157 oblatum
438 3143 445 3157 .
462 3102 494 3157 et
524 3093 668 3175 gratiam
701 3094 796 3157 nobis
823 3095 925 3158 deuo·
1073 3086 1118 3150 da
1145 3085 1241 3151 nobis
1269 3087 1315 3152 ita
1341 3087 1530 3153 dominicae
1557 3109 1632 3173 pas·

271 3180 370 3243 tionis
386 3180 537 3244 obtineat
553 3231 560 3245 .
576 3192 610 3244 et
630 3180 785 3245 effectum
806 3182 925 3245 beatae
976 3173 1079 3235 Sionis
1100 3184 1308 3238 sacramenta
1329 3196 1510 3258 peragere.
1527 3187 1564 3240 ut
1583 3178 1631 3240 in-

270 3268 489 3349 perennitatis
505 3268 681 3350 adquirat.
697 3289 765 3351 per.
975 3260 1184 3342 dulgentiam
1216 3263 1385 3345 percipere
1422 3284 1608 3327 mereamur
1622 3315 1630 3330 .

469 3410 710 3464 ΡΗΑΕΡΗΑτιοῑ.
976 3366 1126 3429 pe'eun'

381 3510 492 3581 [Blank
508 3529 624 3566 erasure
641 3514 677 3582 os
690 3524 703 3582 5
724 3512 815 3582 liner]

1217 3455 1380 3503 ΘΕΟΒΕΤΑ.

971 3558 1171 3689 Sacrificia
1192 3587 1252 3630 nos
1272 3588 1475 3650 quaesumus
1495 3570 1631 3633 domine

444 3649 740 3700 POSTCOMMUNJO·
1050 3655 1247 3738 propensius
1259 3656 1323 3719 ista
1333 3665 1631 3739 restaurent.quae

271 3747 365 3873 Per
394 3742 492 3805 huius
516 3742 659 3806 'domine
692 3743 921 3825 operationem
976 3741 1230 3805 medicinalibus
1259 3753 1337 3807 sunt
1368 3744 1520 3808 instituta
1551 3744 1630 3807 ieiu-

351 3830 523 3913 mysterii.
541 3839 574 3893 et
606 3830 688 3893 uitia
717 3840 832 3894 nostra
868 3850 923 3893 cu·
976 3829 1057 3891 niis:
1081 3849 1147 3911 per.

269 3926 453 3981 rentur.et
489 3919 576 3980 iusta
611 3917 775 4005 desideria
814 3915 923 3990 iicom·

269 4003 441 4086 pieasstul':
463 4025 531 4087 per·
1146 3978 1151 4042 Ι
1162 3978 1459 4027 postcommunio,

971 4068 1330 4200 sanctificationibus
1339 4077 1406 4140 tuis
1415 4077 1629 4160 omnipotens

1048 4163 1132 4226 deus
1154 4172 1188 4227 et
1212 4163 1292 4227 uitia
1315 4173 1430 4227 nostra
1450 4175 1629 4228 curentur,

973 4259 1008 4314 et
1031 4251 1179 4314 remedia
1203 4250 1298 4314 nobis
1323 4251 1526 4334 sempiterna
1553 4272 1629 4335 pro-

974 4337 1132 4402 ueniant:
1155 4358 1222 4420 per.

483 4178 697 4239 ΡΕΒΙΑΛΙ.

323 4279 351 4351 ii„
396 4290 496 4346 ludica
514 4291 629 4347 domine
648 4302 784 4347 nocentes
803 4309 857 4348 me.

520 4405 658 4453 ΟΗΑΤΙΟ.

342 4509 366 4559 A
408 4509 637 4572 QUAESUMUS
676 4509 922 4562 orimnorum
1139 4486 1247 4533 SUPER
1276 4486 1451 4535 popocon.

363 4597 479 4648 DEUS:
504 4597 554 4648 UT
570 4597 637 4660 QUI
658 4585 691 4647 in
706 4594 757 4648 tot
773 4585 922 4648 aduersis
1044 4603 1087 4647 ua
1103 4602 1165 4646 nos
1180 4582 1406 4647 misericordia
1421 4585 1505 4648 deus
1516 4635 1523 4648 .
1536 4593 1570 4648 et
1586 4584 1630 4647 ab

267 4689 312 4732 ex
348 4680 462 4734 nostra
498 4670 692 4735 infirmitate
721 4670 920 4737 deficimus.
1063 4670 1155 4733 omni
1165 4671 1373 4752 surreptione
1384 4672 1559 4735 uetustatis
1568 4692 1629 4735 ex-

267 4756 493 4822 intercedente
515 4758 676 4840 unigeniti
700 4756 756 4820 filii
778 4760 826 4821 tui
846 4778 920 4841 pas·
974 4766 1155 4840 purget.et
1167 4777 1307 4839 capaces
1318 4770 1454 4823 sanctae
1471 4758 1629 4823 nouitatis

266 4844 360 4906 sione
376 4845 593 4927 respiremus:
616 4866 676 4928 per
689 4846 843 4909 eundem.
973 4844 1116 4908 efficiat.
1135 4865 1200 4927 per.

400 4974 460 5034 isui.
473 4991 537 5039 33²2·
669 4980 679 5033 ΙΙ
691 4974 734 5025 rot
750 4990 790 5038 34.
1237 4973 1297 5034 iiol.
1311 4988 1342 5038 34
1349 4989 1374 5022 v.

565 5117 575 5149 ¹
593 5120 696 5170 Monuni
709 5136 777 5171 cross
789 5122 814 5169 in
826 5121 942 5185 adjacent
954 5120 1061 5183 margin.
1094 5118 1187 5168 Traces
1199 5117 1228 5167 os
1237 5118 1325 5167 initiat.
