4109 6275
471 724 511 802 38
899 736 1012 785 annm
1035 734 1155 785 snxrn
1180 734 1403 787 Pnnnscnus

469 908 567 974 ficare
603 919 637 974 et
667 911 835 975 custodire
865 911 1023 994 dignetur
1052 920 1126 974 toto
1177 908 1319 974 fideliter
1344 909 1606 993 seruiatur.per
1631 913 1830 977 dominum.

468 999 549 1062 orbe
570 1007 730 1061 terrarum
748 999 937 1063 ,subiciens
958 999 988 1062 ei
1003 998 1125 1081 princi·
1176 999 1209 1061 in
1226 1000 1354 1062 unitate
1370 999 1519 1062 eiusdem
1535 1000 1670 1082 spiritus
1685 1002 1802 1065 sancti.

468 1094 568 1167 patus
590 1094 624 1149 et
651 1095 856 1168 potestates.
874 1088 998 1170 detque
1027 1086 1124 1149 nobis
1177 1084 1394 1232 llOREMUS
1418 1096 1452 1150 et
1475 1106 1535 1168 pro
1555 1086 1831 1152 christianissimo

467 1173 617 1254 quietam
640 1184 674 1236 et
697 1174 911 1256 tranquillam
937 1175 1041 1238 uitam
1065 1173 1123 1237 de·
1287 1174 1487 1257 imperatore
1504 1184 1635 1238 nostro,
1649 1184 1686 1238 ut
1701 1176 1785 1239 deus
1797 1186 1830 1240 et

466 1260 622 1342 gentibus
649 1258 834 1343 glorificare
859 1263 960 1325 deum
991 1272 1121 1343 patrem
1176 1260 1332 1324 dominus
1355 1270 1469 1325 noster
1490 1261 1641 1325 subditas
1660 1263 1707 1325 illi
1729 1262 1830 1328 iaciat

466 1348 733 1429 omnipotentem
747 1368 754 1411 :

512 1506 672 1560 OREMUS:
706 1511 915 1562 nectamus
941 1514 1067 1564 ΘΕΝΟΑ.

542 1609 762 1660 MNIPOTENS
785 1597 988 1679 sempiterne
1014 1596 1120 1660 deus.

562 1684 618 1766 qui
638 1681 778 1763 gloriam
800 1693 892 1747 tuam
913 1684 1070 1748 omnibus
1086 1685 1119 1747 in

466 1770 591 1833 christo
611 1769 768 1851 gentibus
789 1771 963 1835 reuelasti:
987 1772 1119 1836 custodi

465 1877 568 1939 opera
595 1858 839 1921 misericordiae
866 1868 943 1921 tuae
959 1910 965 1923 .
983 1869 1019 1922 ut
1046 1879 1119 1922 aec·

465 1943 566 2007 clesia
582 1953 639 2007 tua
656 1954 729 2008 toto
748 1943 828 2008 orbe
846 1945 967 2009 diffusa
983 1995 990 2011 .
1005 1946 1117 2010 stabili

466 2030 532 2094 fide
548 2031 580 2093 in
596 2031 804 2095 consessione
820 2034 868 2095 tui
885 2034 1030 2097 nominis
1046 2055 1118 2117 per-

465 2128 593 2182 seueret
608 2143 615 2181 :
639 2140 698 2202 per
712 2119 865 2183 eundern.

465 2211 666 2342 OREMUS
681 2217 715 2269 et
736 2228 797 2289 pro
817 2207 1011 2272 beatissimo
1031 2230 1118 2292 papa

560 2295 758 2358 nostro.N.
798 2295 846 2379 lut
879 2296 962 2359 deus
993 2307 1027 2360 et
1058 2299 1118 2360 do·

466 2381 574 2444 minus
606 2392 719 2446 noster
753 2382 809 2467 qui
840 2383 942 2466 elegit
972 2403 1049 2448 eum
1083 2386 1116 2448 in

1175 1367 1293 1412 omnes
1320 1349 1478 1412 barbaras
1506 1350 1658 1414 nationes
1682 1350 1725 1414 ad
1755 1370 1829 1414 nos-

1175 1445 1260 1499 tram
1277 1433 1489 1518 perpetuam¹
1505 1455 1640 1519 pacem:

1214 1600 1374 1650 OREMUS:
1415 1600 1624 1650 flectamus
1653 1603 1779 1653 Genua.

1249 1692 1468 1743 MNIPOTENS
1490 1682 1693 1764 sempiterne
1720 1684 1828 1745 deus:

1277 1768 1309 1829 in
1333 1769 1427 1830 cuius
1451 1788 1551 1831 manu
1575 1779 1653 1832 sunt
1676 1770 1825 1833 omnium

1173 1862 1357 1937 potestates
1366 1864 1400 1918 et
1411 1855 1481 1918 iura
1494 1876 1689 1936 regnorum.
1701 1858 1827 1939 respice

1171 1942 1214 2006 ad
1227 1940 1443 2006 christianum
1456 1943 1620 2025 benignus
1632 1944 1825 2026 imperium.

1172 2039 1209 2092 ut
1223 2039 1341 2111 gentes
1357 2050 1443 2112 quae
1459 2031 1492 2092 in
1513 2051 1574 2093 sua
1595 2029 1727 2095 feritate
1747 2052 1825 2096 con-

1172 2114 1295 2180 fidunt.
1307 2117 1478 2199 potentiae
1491 2127 1568 2181 tuae
1579 2120 1721 2183 dextera
1734 2140 1824 2183 com·

1171 2204 1356 2286 primantur
1372 2227 1378 2266 :
1395 2225 1453 2287 per
1468 2204 1652 2269 dominum.

1247 2305 1373 2355 REMUS
1392 2301 1425 2355 et
1446 2311 1507 2374 pro
1525 2294 1734 2357 caticuminis
1750 2315 1825 2357 nos-

1267 2378 1341 2443 tris.
1355 2389 1390 2443 ut
1403 2380 1486 2443 deus
1497 2389 1531 2443 et
1542 2380 1700 2444 dominus
1713 2390 1825 2445 noster

463 2469 614 2532 ordinem
650 2469 864 2552 episcopatus
879 2521 886 2534 .
902 2471 1033 2534 saluum
1067 2481 1117 2535 at.
1171 2465 1344 2549 adaperiat
1374 2487 1470 2530 aures
1499 2469 1747 2550 precordiorum
1776 2470 1824 2551 ip·

462 2576 528 2637 que
544 2556 745 2621 incolumem
757 2558 926 2621 custodiat
937 2551 1118 2624 aecclesiae
1170 2573 1282 2616 sorum
1298 2604 1305 2616 ·
1324 2569 1528 2636 latinamque
1555 2555 1822 2620 misericordiae.

462 2663 543 2706 suae
564 2654 701 2708 sanctae
718 2695 723 2707 .
740 2646 782 2708 ad
804 2647 988 2726 regendum
1010 2667 1116 2729 popu·
1171 2649 1206 2703 ut
1252 2660 1311 2724 per
1352 2641 1522 2705 lauacrum
1564 2644 1824 2725 regenerationis

464 2730 533 2792 lum
550 2741 703 2794 sanctum
720 2733 792 2796 dei:

508 2875 668 2926 OREMUS:
703 2875 912 2925 flectamus
937 2879 1063 2928 Genua.

537 2979 755 3029 MNIPOTENS
782 2968 983 3049 sempiterne
1009 2969 1114 3032 deus.

558 3055 652 3117 cuius
691 3055 814 3118 iudicio
852 3056 1006 3119 uniuersa
1042 3055 1115 3120 iun·

462 3141 606 3206 dantur.
624 3143 749 3226 respice
765 3144 928 3226 propitius
944 3145 987 3207 ad
1001 3166 1115 3227 preces

462 3240 591 3293 nostras
603 3280 610 3293 .
620 3240 654 3293 et
666 3230 808 3294 electum
822 3231 917 3293 nobis
930 3232 1113 3297 antistitem

460 3324 519 3379 tua
535 3317 660 3399 pietate
680 3338 863 3382 conserua.
881 3329 917 3383 ut
934 3319 1115 3385 christiana

461 3402 556 3484 plebs
571 3424 658 3486 quae
673 3404 731 3468 tali
744 3405 948 3487 gubernatur
959 3417 1113 3472 auctore.

460 3490 523 3552 sub
539 3500 634 3555 tanto
646 3491 804 3574 pontifice
816 3491 1021 3557 credulitatis
1034 3515 1114 3559 suae

461 3578 586 3641 meritis
602 3588 781 3661 augeatur:
804 3599 864 3661 per
877 3600 952 3646 eun.

461 3669 662 3799 OREMUS
691 3676 725 3730 et
755 3686 816 3749 pro
845 3668 1001 3732 omnibus
1026 3670 1113 3751 epis-

555 3753 671 3835 copis.
687 3755 898 3836 presbiteris.
914 3757 1114 3821 Diaconibus

459 3839 721 3904 subdiaconibus
733 3890 740 3907 .
753 3842 904 3907 acolitis.
916 3844 1112 3908 Exorcistis.

460 3927 651 3991 Lectoribus
664 3928 1112 3997 Hostiariisconfessoribus.

459 4014 648 4096 Uirginibus
683 4017 796 4081 Uiduis
818 4065 826 4081 .
849 4027 883 4081 et
921 4038 981 4100 pro
1018 4020 1111 4083 omni

458 4100 584 4185 populo
599 4111 717 4166 sancto
733 4105 805 4168 dei:

577 4253 741 4305 OREMUS:
769 4257 986 4306 atteramus

458 4347 723 4478 Omnipotens
760 4350 962 4433 sempiterne
995 4353 1111 4419 deus.

551 4437 645 4500 cuius
682 4437 800 4521 spiritu
839 4447 949 4502 totum
990 4460 1111 4524 corpus

456 4521 636 4588 aecclesiae
658 4524 886 4590 sanctificatur
908 4535 941 4589 et
968 4528 1110 4610 regitur:

455 4610 580 4672 exaudi
596 4631 658 4674 nos
673 4633 734 4694 pro
757 4613 918 4676 uniuersis
938 4614 1111 4679 ordinibus

454 4696 704 4779 supplicantes.
723 4708 758 4764 ut
780 4700 910 4782 gratiae
933 4710 1011 4764 tuae
1039 4721 1110 4766 mu·

455 4802 533 4845 nere
573 4785 618 4848 ab
655 4787 812 4850 omnibus
852 4788 914 4850 tibi
951 4789 1111 4870 gradibus

714 4906 774 4967 liol.
788 4921 853 4970 3⁷²²·

1168 2739 1307 2811 accepta
1337 2729 1531 2792 remissione
1562 2731 1713 2793 omnium
1747 2752 1823 2814 pec·

1168 2824 1319 2879 catorum
1335 2867 1342 2880 .
1358 2825 1393 2879 et
1414 2816 1475 2900 ipsi
1497 2816 1589 2899 digni
1612 2817 1824 2882 inueniantur

1170 2904 1201 2965 in
1218 2901 1343 2966 christo
1359 2903 1428 2966 iesu
1444 2904 1583 2967 domino
1599 2915 1732 2969 nostro:

1290 3036 1451 3088 OREMUS:
1480 3039 1696 3090 feceramus,

1243 3154 1461 3205 MNIPOTENS
1498 3142 1700 3224 sempiterne
1739 3142 1823 3206 deus

1270 3229 1326 3311 qui
1364 3228 1560 3292 aecclesiam
1599 3240 1692 3293 tuam
1735 3250 1823 3293 noua

1166 3334 1298 3398 semper
1309 3316 1401 3399 prole
1414 3316 1611 3380 faecundas.
1622 3337 1709 3398 auge
1721 3315 1820 3381 fidem

1167 3411 1200 3465 et
1222 3403 1427 3467 intellectum
1446 3403 1655 3468 caticuminis
1677 3405 1822 3469 nostris.

1167 3496 1203 3552 ut
1225 3491 1330 3554 renati
1352 3490 1444 3556 fonte
1465 3491 1700 3574 baptismatis.
1716 3492 1820 3576 adop·

1165 3577 1267 3639 tionis
1293 3588 1371 3642 tuae
1398 3578 1473 3641 filiis
1495 3590 1721 3661 aggregentur
1739 3601 1822 3662 :per

1165 3663 1348 3729 dominum.

1167 3758 1170 3838 l
1249 3765 1375 3817 REMUS
1390 3752 1598 3817 dilectissimi
1611 3754 1707 3817 nobis
1718 3755 1819 3819 deum

1283 3850 1412 3922 patrem
1458 3841 1724 3923 omnipotentem
1752 3891 1759 3906 .
1784 3853 1819 3906 ut

1164 3927 1292 3991 cunctis
1314 3927 1475 3990 mundum
1498 3939 1618 4010 purget
1636 3929 1819 3994 erroribus.

1165 4015 1300 4079 morbos
1322 4014 1476 4078 auferat.
1499 4015 1621 4079 samem
1645 4015 1820 4099 depellat.

1163 4103 1292 4186 aperiat
1307 4122 1474 4167 carceres.
1488 4102 1621 4167 uincula
1635 4104 1818 4168 dissoluat.

1164 4189 1452 4272 peregrinantibus
1472 4190 1615 4254 reditum
1629 4240 1636 4253 .
1650 4190 1818 4255 infirman-

1163 4276 1253 4341 tibus
1268 4276 1447 4341 sanitatem
1463 4327 1470 4341 .
1488 4278 1726 4359 nauigantibus
1742 4300 1817 4361 por-

1163 4373 1236 4429 tum
1252 4362 1370 4429 salutis
1386 4364 1578 4447 indulgeat:

1286 4520 1446 4569 OREMUS:
1476 4520 1691 4569 PLEGTAMUS.

1237 4621 1457 4672 MNIPOTENS
1482 4610 1684 4692 sempiterne
1711 4612 1816 4676 deus.

1267 4705 1449 4760 mestorum
1481 4696 1689 4761 consolatio.
1710 4699 1816 4762 labor·

1161 4784 1290 4847 antium
1311 4782 1703 4866 fortitud0.perueniant
1721 4787 1763 4848 ad
1784 4797 1817 4850 te

1292 4917 1301 4968 ΙΙ
1313 4910 1356 4960 lol.
1370 4913 1410 4974 38.
1550 4912 1610 4973 liol.
1623 4916 1685 4978 3⁸²²·

719 5066 728 5097 ¹
747 5067 802 5117 The
819 5067 878 5118 final
897 5068 954 5118 ‘m'
970 5071 991 5119 is
1007 5071 1154 5135 duplicated
1171 5071 1197 5120 in
1215 5072 1258 5121 the
1277 5072 1377 5121 MS.-·
1385 5078 1540 5137 perpetuam.
