4109 6275
439 784 498 862 146

683 979 847 1029 secam.

439 1071 610 1204 Oblatis
633 1071 769 1136 domine
791 1071 923 1156 placare
946 1073 1090 1138 muneri-

524 1159 586 1222 bus
597 1209 602 1222 .
613 1169 647 1223 et
659 1170 861 1242 oportunum
874 1162 969 1224 nobis
982 1162 1090 1226 tribue

436 1245 571 1329 pluuiae
586 1246 780 1311 sufficientis
795 1249 959 1312 auxilium
978 1272 985 1312 :
1001 1269 1069 1333 per.

612 1415 910 1462 postcommunio,

437 1506 602 1636 llTuere
632 1528 693 1571 nos
723 1528 925 1591 quaesumus
955 1507 1092 1570 domine

546 1604 605 1658 tua
635 1606 751 1660 sancta
780 1606 971 1659 sumentes.
988 1604 1022 1658 et
1048 1594 1092 1657 ab

437 1681 593 1745 omnibus
624 1684 824 1765 propitiatus
851 1682 988 1746 absolue
1015 1702 1091 1765 pec-

438 1770 559 1832 catis.
590 1779 780 1852 terramque
824 1772 952 1834 aridam
996 1770 1091 1852 aquis

438 1855 552 1920 fluenti
569 1857 722 1921 caelestis
738 1859 916 1938 dignanter
932 1856 1092 1920 infunde:

438 1964 503 2026 per.

440 2161 533 2221 PRO
574 2159 716 2219 hears
762 2161 1092 2220 ΒΕΒΕΝΙΤΑΤΕ.

441 2420 538 2564 ΑΒι
562 2435 609 2486 ra
633 2435 707 2487 uos
732 2436 884 2487 Domus
908 2422 1092 2487 clamantes

533 2511 683 2573 exaudi:
699 2519 734 2574 et
763 2511 848 2573 aeris
878 2511 1092 2575 serenitatem

440 2597 536 2660 nobis
551 2597 660 2661 tribue
675 2597 962 2680 supplicantibus
980 2608 1016 2662 ut
1036 2599 1092 2681 qui

439 2685 525 2747 iuste
538 2705 597 2766 pro
607 2686 753 2766 peccatis
765 2687 887 2749 nostris
899 2685 1093 2768 affligimur.

439 2771 664 2835 misericordia
687 2782 745 2836 tua
770 2773 1005 2855 praeueniente
1028 2773 1093 2837 cle·

441 2858 601 2921 mentiam
618 2860 801 2924 sentiamus
819 2884 826 2923 ε
842 2881 908 2943 per.

684 3023 846 3073 secam.

500 3109 671 3174 raeueniat
702 3130 763 3176 nos
790 3109 927 3174 domine
953 3130 1093 3193 quaesu-

522 3218 596 3261 mus
612 3199 720 3280 gratia
735 3208 793 3262 tua
812 3218 945 3281 semper
963 3207 997 3261 et
1017 3200 1093 3262 sub·

440 3294 621 3367 sequatur.
637 3295 671 3348 et
702 3285 762 3349 has
792 3285 980 3350 oblationes
1010 3307 1094 3370 quas

441 3392 502 3454 pro
539 3374 684 3454 peccatis
718 3373 838 3436 nostris
872 3373 999 3436 nomini
1035 3384 1094 3437 tuo

441 3460 683 3522 consecrandas
708 3458 906 3524 offerimus.
930 3460 1095 3542 benignus

441 3564 589 3608 assume.
601 3556 638 3609 ut
649 3567 708 3628 per
719 3546 989 3610 intercessionem
1000 3568 1094 3610 sanc·

441 3640 551 3695 torum
568 3642 700 3695 tuorum
717 3635 844 3696 cunctis
859 3633 1035 3717 proficiant
1050 3636 1093 3699 ad

440 3717 584 3782 salutem
601 3742 608 3782 :
623 3740 690 3801 per.

615 3880 912 3932 postcommunio

502 3972 572 4036 lebs
596 3982 655 4036 tua
680 3973 817 4037 domine
843 3974 955 4056 capiat
982 3995 1096 4039 sacrae

522 4059 764 4124 benedictionis
801 4071 1019 4144 augmentum
1037 4111 1044 4126 .
1061 4070 1095 4125 et

441 4147 586 4230 copiosis
607 4147 843 4212 beneficiorum
862 4157 995 4213 tuorum
1017 4149 1095 4212 sub-

703 4308 713 4361 ΙΙ
724 4303 767 4353 sol.
782 4304 837 4355 160.

878 797 949 847 PRO
972 796 1083 847 AERIS
1106 796 1351 847 SERENITATE.

1140 976 1270 1040 leuetur
1289 976 1424 1040 auxiliis
1440 1025 1447 1039 .
1463 996 1550 1058 quae
1570 975 1673 1039 tantis
1694 974 1795 1038 inter-

1140 1084 1307 1127 cessorum
1338 1063 1629 1147 deprecationibus
1655 1062 1796 1125 adiuua-

1140 1161 1195 1215 tur
1212 1175 1219 1215 ε
1235 1172 1301 1234 per.

1297 1359 1388 1419 PRO
1421 1358 1647 1419 lNFlRMO.

1143 1487 1452 1751 ΙΟΜᾸΝΙΡΟΤΕΝΒ
1482 1610 1683 1693 sempiterne
1713 1610 1797 1672 deus

1254 1700 1344 1764 salus
1381 1709 1518 1763 aeterna
1554 1697 1796 1760 credentium.

1142 1788 1267 1852 exaudi
1286 1808 1348 1850 nos
1369 1807 1429 1868 pro
1450 1784 1575 1849 famulo
1595 1793 1655 1847 tuo
1672 1796 1718 1848 ..N
1735 1804 1796 1866 pro

1142 1897 1210 1960 quo
1226 1873 1470 1938 misericordiae
1485 1883 1564 1937 tuae
1579 1871 1798 1970 imploramus

1143 1962 1306 2027 auxilium
1323 2012 1330 2024 .
1347 1971 1384 2025 ut
1398 1960 1529 2024 reddita
1545 1960 1607 2022 sibi
1626 1958 1771 2021 sanitate
1788 2005 1796 2020 .

1143 2052 1324 2134 gratiarum
1349 2048 1409 2112 tibi
1432 2048 1466 2110 in
1489 2047 1650 2111 aecclesia
1667 2056 1726 2108 tua
1747 2065 1796 2107 re-

1143 2137 1227 2202 ferat
1242 2138 1407 2200 actionem
1423 2184 1430 2199 .
1447 2140 1527 2217 per¹.

1146 2306 1270 2354 taetro
1314 2305 1500 2354 fietstotae
1542 2304 1639 2352 ΒΕΑΤΙ
1683 2304 1795 2352 meoet

1381 2392 1561 2441 ΑΡΟὸΤΟΙ-Ι.

1213 2491 1566 2557 arissimi':Tristatur
1584 2490 1704 2574 aliquis
1723 2510 1797 2553 ues-

1243 2592 1331 2645 trum
1352 2604 1359 2643 :
1380 2591 1451 2644 oret
1482 2601 1589 2663 aequo
1620 2579 1732 2642 animo
1763 2586 1797 2640 et

1144 2670 1288 2754 psallat.
1307 2667 1498 2732 Infirmatur
1521 2667 1596 2750 quis
1620 2667 1652 2728 in
1676 2665 1796 2729 uobis:

1145 2759 1281 2821 inducat
1314 2757 1515 2839 presbiteros
1549 2754 1728 2818 aecclesiae
1763 2762 1798 2816 et

1145 2855 1240 2909 orent
1269 2864 1368 2925 super
1398 2863 1474 2906 eum
1506 2851 1693 2924 unguentes
1719 2860 1796 2904 eum

1144 2932 1219 2996 oleo
1242 2933 1275 2995 in
1303 2932 1439 2994 nomine
1465 2930 1592 2993 domini
1608 2979 1616 2993 .
1631 2939 1665 2992 et
1690 2928 1798 2991 oratio

1145 3019 1222 3084 fidei
1253 3018 1398 3083 saluabit
1428 3016 1621 3081 infirmum.
1642 3016 1688 3079 Et
1718 3015 1797 3078 alle-

1145 3108 1239 3172 uabit
1261 3126 1337 3170 eum
1361 3106 1517 3170 dominus
1535 3114 1592 3169 :et
1613 3103 1641 3168 si
1666 3104 1698 3167 iu
1723 3123 1799 3185 pec-

1145 3197 1228 3261 catis
1266 3195 1309 3259 sit
1349 3194 1560 3258 dimittentur
1601 3193 1661 3256 ei.
1685 3190 1798 3257 Confi-

1144 3284 1261 3347 temini
1304 3302 1385 3364 ergo
1424 3281 1621 3344 alterutrum
1661 3288 1798 3362 peccata

1146 3381 1286 3435 uestra:
1307 3380 1342 3433 et
1371 3378 1465 3433 orate
1494 3388 1555 3452 pro
1586 3367 1729 3429 inuicem
1761 3375 1798 3429 ut

1144 3457 1329 3522 saluemini.

1142 3611 1226 3676 Resp.
1269 3610 1387 3665 Saluum
1404 3610 1449 3663 fac
1468 3626 1581 3664 seruum
1598 3620 1684 3665 tuum.
1724 3614 1797 3667 Uers

1180 3681 1303 3737 Auribus
1315 3681 1436 3752 percipe
1461 3680 1589 3736 Alleluia.
1620 3684 1691 3737 Uers
1716 3680 1800 3735 Mitte

1180 3754 1206 3809 ei
1219 3754 1341 3809 domine.

1405 3874 1535 3923 LUGAM.

1188 3989 1213 4039 N
1239 3975 1329 4040 illis.
1354 3975 1502 4058 Surgens
1525 3974 1612 4037 iesus
1635 3974 1678 4037 de
1700 3980 1798 4056 syna-

1207 4084 1296 4145 goga
1310 4088 1317 4127 :
1330 4062 1478 4126 introiuit
1493 4062 1527 4124 in
1543 4060 1682 4124 domum
1698 4063 1799 4124 simo-

1145 4150 1218 4214 nis.
1239 4152 1362 4216 Socrus
1385 4159 1498 4213 autem
1521 4148 1661 4211 simonis
1682 4173 1689 4212 :
1707 4157 1799 4212 tene-

1390 4301 1451 4364 liol.
1466 4299 1543 4353 160v.

493 4482 575 4534 ιΤΙιε
586 4500 655 4535 same
666 4485 838 4535 markasatr
841 4501 905 4548 4.0u
921 4484 993 4551 (13)
986 4501 1012 4535 ιιι
1024 4487 1067 4536 the
1078 4493 1149 4536 outer
1160 4501 1258 4572 margin
1269 4485 1298 4535 ol
1309 4483 1355 4536 160
1367 4483 1412 4549 (5)

491 4548 587 4601 ’Over
604 4551 647 4600 the
663 4550 721 4600 final
722 4551 852 4636 syllables
867 4551 916 4600 ol‘
923 4550 1030 4601 iamulo'
1045 4553 1118 4601 and
1129 4550 1188 4601 tuo’
1203 4551 1246 4600 the
1263 4551 1410 4600 transcribet
1425 4550 1494 4600 has'
1486 4565 1542 4599 rua
1559 4550 1632 4600 small
1649 4551 1716 4600 clear
1731 4551 1801 4601 hand

442 4615 559 4665 written‘
569 4616 590 4665 is
597 4614 684 4665 ’and‘
693 4614 744 4676 is’;
756 4622 834 4666 over‘
842 4632 893 4682 quo
901 4617 1135 4666 ’hehaswritten
1144 4616 1203 4666 bus¹
1213 4617 1262 4665 and
1278 4632 1338 4665 over
1352 4616 1395 4665 the
1406 4617 1453 4665 last
1464 4615 1569 4679 syllable
1580 4615 1625 4665 ol
1632 4615 1757 4665 ret'erat’⁸
1764 4615 1803 4667 n.’

491 4680 635 4731 lBetween
647 4682 689 4735 the
700 4681 780 4731 mmal
792 4681 821 4731 os
829 4682 871 4732 the
882 4682 1062 4732 abbrevtated
1072 4680 1219 4732 Karissimi'
1230 4681 1260 4731 os
1267 4682 1310 4731 the
1323 4682 1379 4732 MS
1393 4681 1443 4730 and
1455 4681 1519 4730 the
1526 4697 1553 4730 ιιι
1560 4680 1660 4731 ’which
1673 4682 1789 4732 follows
1781 4692 1802 4732 ιι

443 4746 456 4795 1
468 4745 559 4809 clearly
568 4762 609 4796 see
620 4747 663 4795 the
670 4762 738 4796 same
746 4747 869 4811 pencilled
877 4748 948 4797 mark
960 4763 987 4797 as
999 4747 1104 4797 stands
1097 4764 1122 4797 ιιι
1134 4748 1177 4798 the
1188 4747 1285 4812 margin
1296 4746 1326 4796 of
1336 4763 1346 4797 ι
1349 4761 1412 4809 40v
1425 4745 1488 4810 (13).
1522 4746 1553 4795 ln
1568 4746 1610 4796 the
1621 4754 1692 4797 outer
1703 4747 1801 4812 margin

443 4811 463 4860 is
477 4826 493 4860 a
505 4811 578 4860 small
591 4813 691 4861 manual
702 4828 778 4871 crosa,
792 4813 841 4861 and
853 4812 948 4862 stornit
959 4829 974 4862 a
985 4813 1068 4862 lineis
1080 4814 1166 4863 drawn
1177 4812 1260 4862 which
1271 4811 1369 4861 follows
1376 4811 1418 4862 the
1430 4820 1481 4861 text
1493 4819 1520 4861 to
1528 4812 1571 4861 the
1578 4811 1630 4861 soot
1642 4811 1671 4861 os
1681 4812 1723 4862 the
1786 4829 1801 4862 e

443 4876 501 4933 and,
514 4876 639 4941 resuming
650 4877 681 4925 its
697 4892 783 4926 course
800 4893 833 4926 on
850 4878 987 4942 161,s10ps
1004 4879 1064 4942 only
1075 4887 1100 4928 at
1116 4879 1159 4928 the
1169 4879 1219 4927 end
1235 4877 1264 4926 os
1277 4878 1320 4927 the
1335 4877 1439 4991 Gospeh
1453 4877 1556 4926 where'
1549 4886 1570 4926 rt
1586 4877 1607 4927 is
1587 4828 1801 4942 mesoedppgz

442 4948 581 4990 transverse
595 4940 688 4991 strolre
722 4942 811 4990 Above
828 4942 871 4991 the
886 4950 995 4992 transom
1010 4944 1040 4992 ol
1052 4944 1094 4994 the
1108 4959 1176 4994 cross
1192 4943 1242 4992 and
1254 4944 1388 4993 betweent

1406 4958 1421 4992 e
1437 4950 1501 4991 stem
1514 4942 1564 4991 and
1581 4942 1624 4992 the
1641 4943 1710 5057 edpe
1718 4942 1748 4992 os
1757 4944 1802 4994 the

442 5004 513 5055 leas'
506 5022 527 5054 rs
541 5004 583 5054 the
597 5006 811 5055 memorandum‘
819 5007 886 5056 circu
894 5006 947 5069 [l]
965 5009 1025 5057 with
1041 5026 1056 5057 a
1073 5010 1145 5058 small
1158 5009 1250 5058 curved
1267 5008 1338 5057 mark
1355 5024 1415 5057 over
1432 5007 1474 5057 the
1489 5009 1581 5057 second
1597 5008 1678 5071 syllab
1744 5008 1802 5058 The

443 5070 524 5134 obJeet
537 5086 595 5133 may
606 5071 670 5120 have
683 5072 743 5120 been
756 5080 784 5120 to
795 5072 881 5136 rectily
894 5074 935 5123 the
946 5076 1119 5138 punctuation
1153 5075 1253 5123 l'here'
1248 5090 1268 5123 rs
1280 5074 1306 5122 in
1320 5074 1363 5122 the
1379 5074 1435 5123 MS.
1452 5088 1485 5122 no
1503 5082 1561 5122 note
1579 5073 1626 5122 ol'
1619 5074 1800 5137 interrogation

443 5136 525 5185 alter‘
533 5144 641 5185 uestrum
650 5135 708 5199 'lor
718 5135 803 5186 alter‘
810 5135 900 5187 uobis!
