4109 6275
418 816 530 866 FERIA
553 814 692 865 TERTIA
715 813 804 864 POST
827 812 918 863 DOM.
942 811 1127 876 QUARTAM
1152 814 1480 878 QUADRAGESIMAE.
1585 819 1621 882 31

440 1006 548 1053 suein
576 1006 752 1055 poputum.

274 1100 589 1233 Deprecationem
631 1109 778 1164 nostram
820 1120 920 1183 quae-

380 1208 494 1250 sumus
558 1189 694 1251 domine
758 1189 922 1270 benignus

269 1275 414 1338 exaudi:
467 1285 501 1339 et
548 1276 669 1358 quibus
712 1275 922 1358 supplicandi

270 1372 420 1445 praestas
452 1361 610 1426 affectum
634 1413 640 1427 .
663 1363 771 1426 tribue
808 1362 922 1426 delen-

269 1450 372 1512 sionis
386 1449 569 1514 auxilium:
592 1470 658 1533 per.

477 1659 711 1721 ΡΕΗΙΑΛΙΙ.

367 1782 397 1840 ll.
439 1786 549 1840 Exaudi
568 1786 638 1841 deus
657 1785 820 1841 orationem.

524 1912 665 1962 Quarto.

322 2029 444 2080 ACRAE
468 2030 578 2082 NOBIS
601 2029 832 2094 QUAESUMUS
858 2029 923 2080 DO-

345 2117 444 2167 uma
463 2118 765 2169 ousnnuarroms
783 2104 923 2168 ieiunia.

271 2202 305 2256 et
320 2192 395 2276 piae
410 2193 673 2257 conuersationis
685 2201 923 2274 augmentum.

271 2288 305 2342 et
340 2290 418 2343 tuae
453 2280 698 2363 propitiationis
727 2280 922 2343 continuum

271 2377 442 2449 praestent
456 2368 619 2430 auxilium
636 2417 643 2430 .
660 2387 725 2448 per.
861 2371 864 2375 ’

514 2527 678 2578 8ΕΟΗΕΤΑ.

276 2633 412 2759 Haec
434 2630 543 2694 hostia
566 2650 767 2713 quaesumus
787 2630 924 2694 domine

376 2718 536 2781 emundet
574 2728 687 2780 nostra
719 2715 851 2802 ldelicta
867 2768 873 2780 .
890 2727 925 2781 et

271 2803 468 2867 sacrificium
499 2803 735 2869 celebrandurn
774 2805 923 2867 subdito·

273 2912 345 2955 rum
369 2892 429 2955 tibi
453 2913 593 2974 corpora
615 2901 809 2973 mentesque
829 2912 923 2954 sanc-

273 2978 375 3041 tificet
390 3028 396 3041 .
414 3000 480 3061 per.

448 3145 745 3193 postcommunio

276 3244 429 3375 Huius
451 3263 511 3305 nos
531 3244 667 3307 domine
688 3245 858 3327 perceptio
873 3266 924 3307 sa-

376 3331 537 3394 cramenti
554 3331 693 3394 mundet
707 3381 712 3393 .
726 3351 746 3393 a
764 3332 902 3395 crimine
917 3381 924 3395 .

273 3428 307 3482 et
337 3418 379 3480 ad
416 3416 572 3481 caelestia
608 3438 710 3500 regna
740 3418 923 3500 perducat.

272 3525 338 3587 per.

440 3639 547 3684 suren
577 3638 752 3684 poputum,

277 3744 347 3869 Ἢ
364 3732 482 3795 iserere
517 3732 653 3795 domine
686 3732 812 3815 populo
842 3741 924 3800 tuo.

276 3806 316 3868 Ἦ
384 3830 418 3882 et
453 3820 619 3883 continuis
656 3819 924 3883 tribulationibus

274 3906 480 3969 laborantem
518 3955 525 3970 .
564 3908 727 3990 propitius
766 3908 924 3990 respirare

273 3995 441 4058 concede.
457 4014 522 4076 per.

473 4226 725 4284 referatur.

410 4355 438 4412 Ᾰ.
482 4355 560 4409 Dum
578 4353 778 4410 sanctificatus.

526 4484 665 4533 ΟΒΑΤΙΟ.

347 4597 417 4649 EUS
447 4597 514 4660 QUl
546 4597 594 4647 ET
629 4597 750 4649 IUSTIS
783 4597 926 4648 PREMIA

368 4670 562 4734 meritorum
589 4719 596 4733 .
623 4680 657 4735 et
694 4673 925 4754 peccatoribus

272 4778 331 4841 per
346 4758 504 4821 ieiunium
522 4759 654 4821 ueniam
671 4758 805 4841 prebes:
827 4759 924 4822 mise-

272 4865 342 4908 rere
378 4845 584 4927 supplicibus
621 4847 717 4909 tuis.
741 4855 777 4910 ut
814 4855 925 4911 reatus

273 4932 376 4995 nostri
398 4930 563 4995 consessio
579 4981 586 4995 .
602 4931 844 5015 indulgentiam
869 4953 924 4995 ua-

272 5017 339 5083 leat
354 5018 523 5101 percipere
538 5018 734 5082 delictorum
751 5072 758 5083 .
775 5039 840 5101 per.

532 5156 538 5215 Ι
550 5155 593 5204 sol.
606 5170 668 5219 apo.

1260 1010 1343 1058 ΑΗΑ.

1038 1114 1180 1166 RAESTA
1195 1121 1396 1183 quaesumus
1412 1101 1626 1183 omnipotens

1056 1189 1156 1252 deus:
1186 1198 1223 1252 ut
1253 1210 1337 1272 quos
1364 1189 1486 1252 ieiunia
1512 1190 1627 1252 uotiua

974 1277 1141 1359 castigant
1170 1327 1177 1340 .
1209 1276 1281 1359 ipsa
1319 1296 1452 1359 quoque
1490 1277 1627 1340 deuotio

974 1373 1090 1426 sancta
1113 1362 1268 1427 laetificet
1285 1414 1291 1426 .
1308 1374 1345 1426 ut
1367 1364 1505 1427 terrenis
1528 1363 1627 1427 aflec-

973 1450 1064 1513 tibus
1103 1451 1286 1532 mitigatis,
1304 1450 1433 1515 facilius
1471 1451 1627 1515 caelestia

972 1537 1146 1619 capiamus
1160 1586 1167 1601 .
1184 1558 1250 1620 per.

1219 1707 1382 1757 secum.

975 1807 1176 1940 Supplices
1209 1818 1244 1871 te
1276 1808 1413 1872 domine
1448 1830 1627 1891 rogamus,

1049 1894 1153 1959 uthis
1170 1894 1337 1958 sacrificiis
1356 1906 1494 1979 peccata
1515 1908 1629 1962 nostra

976 1983 1197 2046 mundentur.
1210 1982 1288 2064 quia
1303 1992 1383 2047 tunc
1399 2004 1512 2046 ueram
1533 1985 1629 2047 nobis

974 2069 1092 2133 tribuis
1128 2071 1249 2132 mentis
1286 2080 1320 2132 et
1358 2072 1504 2152 corporis
1541 2072 1628 2135 sani·

974 2164 1079 2220 tatem
1097 2179 1103 2219 :
1121 2177 1185 2238 per.

1155 2332 1452 2381 POSTOOMMUNlO.

976 2435 1219 2563 Sacramenta
1240 2448 1326 2511 quae
1345 2430 1548 2511 sumpsimus
1568 2431 1628 2493 do·

1051 2517 1140 2579 mine
1152 2516 1235 2579 deus
1247 2524 1375 2579 noster.
1388 2515 1440 2590 llet
1451 2517 1629 2598 spirituali·

977 2603 1039 2666 bus
1055 2624 1116 2666 nos
1132 2601 1281 2685 repleant
1302 2602 1469 2666 alimentis
1485 2654 1491 2666 .
1508 2615 1542 2667 et
1557 2625 1628 2667 cor·

976 2690 1146 2773 poralibus
1161 2699 1318 2754 tueantur
1332 2691 1467 2754 auxiliis
1483 2742 1489 2753 .
1506 2712 1571 2773 per.

1145 2876 1252 2923 SUPER
1281 2876 1456 2926 poputum.

1036 2980 1152 3033 ateant
1170 2991 1266 3033 aures
1288 2970 1532 3034 misericordiae
1552 2981 1630 3035 tuae

1059 3058 1212 3141 precibus
1240 3058 1511 3140 supplicantum.
1528 3068 1561 3122 et
1592 3068 1629 3122 ut

976 3146 1168 3229 petentibus
1213 3146 1401 3209 desiderata
1441 3146 1629 3211 concedas,

977 3232 1028 3297 lac
1069 3254 1127 3295 eos
1168 3253 1255 3315 quae
1292 3233 1352 3296 tibi
1390 3244 1468 3297 sunt
1506 3233 1630 3316 placita

976 3320 1166 3403 postulare.
1184 3342 1251 3402 per.

1197 3576 1411 3637 fenino.

976 3704 1004 3759 Ᾰ.
1021 3702 1026 3710 “
1044 3707 1176 3762 Laetetur
1193 3724 1242 3762 cor
1259 3709 1455 3778 quaerentium
1473 3709 1629 3764 dominum.

1234 3855 1373 3904 ouatro.

1039 3973 1183 4025 RAESTA
1234 3974 1463 4038 Quaesumus
1514 3977 1630 4029 OMNI-

1060 4061 1202 4112 POTENS
1228 4061 1342 4113 Deus:
1374 4063 1425 4115 UT
1451 4064 1550 4127 QUOS
1577 4066 1630 4116 ΙΕ-

977 4148 1091 4199 ΙυΜΑ
1107 4148 1243 4199 UOT1ua
1258 4136 1423 4218 castigant
1438 4186 1446 4201 .
1462 4138 1535 4220 ipsa
1545 4160 1628 4222 quo·

976 4243 1043 4306 que
1079 4222 1217 4285 deuotio
1253 4233 1370 4287 sancta
1403 4223 1568 4290 letificet.
1593 4236 1630 4290 ut

976 4310 1114 4374 terrenis
1126 4308 1301 4373 affectibus
1313 4310 1630 4393 mitigatis.lacilius

975 4396 1133 4461 caelestia
1148 4396 1320 4479 capiamus
1334 4448 1342 4463 .
1357 4419 1423 4481 per.

1220 4573 1384 4621 secut-:Ta

1037 4673 1150 4739 urilica
1176 4695 1238 4738 nos
1264 4675 1448 4740 misericors
1469 4677 1575 4740 deus.
1593 4687 1630 4741 ut

1058 4761 1238 4825 aecclesiae
1275 4772 1354 4826 tuae
1390 4784 1504 4846 preces
1542 4785 1630 4848 quae

975 4849 1037 4913 tibi
1068 4858 1185 4931 gratae
1214 4859 1292 4913 sunt
1322 4850 1378 4932 pia
1408 4871 1546 4914 munera
1572 4851 1629 4916 de·

977 4937 1120 5000 ferentes
1139 4984 1146 5000 .
1168 4935 1250 5000 fiant
1280 4939 1427 5021 expiatis
1460 4939 1629 5002 mentibus

975 5025 1155 5105 gratiores:
1177 5044 1243 5105 per.

1242 5165 1252 5219 l
1264 5159 1307 5210 tol.
1323 5176 1361 5225 30.
