4109 6275
754 787 804 836 DE
828 787 975 840 SANCTO
999 789 1135 841 BRITIO.
1564 800 1619 847 121

499 979 664 1028 saonen.
711 945 715 955 '
1042 963 1099 1024 oe
1132 964 1328 1025 sancto
1362 965 1542 1027 aninlo,

337 1097 356 1139 a
377 1096 581 1159 quaesumus
600 1078 788 1142 misericors
810 1082 916 1145 deus.

358 1173 395 1227 ut
411 1163 492 1227 haec
511 1165 666 1229 salutaris
682 1166 809 1231 oblatio
824 1216 832 1231 .
847 1178 881 1232 et
897 1189 917 1232 a

262 1251 403 1333 propriis
431 1271 492 1315 nos
519 1253 666 1316 reatibus
691 1255 918 1319 indesinenter
1032 1249 1224 1314 ONSERUA'
1275 1263 1505 1329 QUAESUMUS
1555 1267 1619 1319 DO-

261 1337 424 1420 expediat
446 1388 454 1403 .
476 1348 511 1402 et
552 1340 779 1405 intercedente
816 1343 915 1406 beato
1055 1351 1153 1400 MINE
1190 1338 1351 1421 populum
1386 1350 1481 1404 tuum
1521 1343 1620 1405 inter·

262 1438 438 1490 MART1N0
478 1426 669 1491 consessore
710 1438 769 1492 tuo
814 1439 916 1512 atque
967 1424 1116 1487 cessione
1143 1427 1249 1489 sancti
1277 1439 1394 1490 BR1T11
1421 1428 1620 1493 confessoris

259 1511 417 1595 pontifice
448 1514 490 1576 ah
517 1516 672 1579 omnibus
699 1524 832 1579 tueatur
856 1517 914 1579 ad·
967 1512 1015 1573 tui
1038 1521 1139 1593 atque
1161 1512 1328 1595 pontificis
1352 1516 1384 1577 in
1408 1523 1468 1579 tuo
1491 1516 1620 1590 amolire

260 1601 386 1663 uersis.
403 1621 468 1683 per.
965 1597 1128 1661 confisum
1147 1610 1204 1662 :ut
1226 1619 1412 1664 mereamur
1432 1602 1505 1684 ipso
1520 1604 1624 1667 inter:

966 1686 1106 1748 cedente
1127 1697 1300 1750 consortes
1327 1686 1397 1750 lieri
1423 1690 1618 1754 caelestium

461 1799 685 1849 ΡκΑερΗΑτιο,
964 1772 1163 1853 gaudiorum
1181 1798 1188 1836 :
1205 1793 1272 1856 per.

340 1904 412 1954 ann
433 1940 440 1955 .
465 1904 651 1954 essenus.
709 1891 812 1955 Cuius
843 1913 914 1958 mu-

360 1998 438 2042 nere
464 1978 582 2042 bcatus
610 1992 809 2043 MARTINUS
835 2000 913 2044 con·
1205 1961 1367 2011 ΒΕΟΗΕΤΑ·

259 2062 364 2128 sessor
379 2066 503 2148 pariter
518 2064 569 2147 etl
1039 2067 1158 2131 ostiam
1212 2078 1360 2132 nostram
1416 2090 1619 2153 quaesumus

1068 2154 1205 2218 domine
1241 2158 1347 2220 sancti
1385 2169 1502 2222 BR1T11
1540 2180 1618 2223 con·

257 2251 379 2325 [Nearly
397 2255 518 2309 thirteen
537 2254 610 2309 lines
628 2256 663 2325 os
679 2273 803 2323 erasure,
826 2271 871 2325 131
884 2275 912 2313 v,
965 2237 1097 2303 sessoris
1117 2242 1165 2305 tui
1184 2252 1286 2326 atque
1304 2243 1471 2325 pontilicis
1491 2254 1525 2309 et
1540 2267 1618 2310 con-

512 2340 660 2414 (1-13).]¹
964 2327 1064 2390 lessio
1095 2332 1313 2393 ueneranda.
1335 2341 1368 2394 et
1399 2332 1497 2396 beata
1527 2354 1617 2397 com-

965 2415 1102 2479 mendet
1117 2419 1226 2480 oratio
1243 2438 1250 2480 :
1267 2438 1333 2501 per.

1218 1129 1357 1180 ΟΗΑΤΙΟ.

432 2531 729 2580 postcommunio

261 2640 427 2772 Praesta
447 2650 650 2713 quaesumus
669 2631 806 2694 domine
828 2633 912 2696 deus
1137 2610 1434 2662 ‘’OSTCOMMUN'O·

340 2729 471 2782 noster:
484 2727 520 2781 ut
536 2738 623 2801 quae
639 2718 728 2782 beati
746 2733 911 2783 MARTINI
966 2722 1060 2849 Da
1075 2734 1277 2797 quaesumus
1289 2716 1504 2798 omnipotens
1515 2718 1598 2780 deus
1611 2741 1618 2780 :

1062 2814 1098 2865 ut
1115 2802 1203 2865 beati
1221 2815 1338 2867 BRITII
1354 2803 1553 2867 confessoris
1568 2806 1616 2867 tui

257 2805 454 2870 confessoris
473 2805 522 2868 tui
541 2815 644 2888 atque
665 2804 833 2888 pontilicis
848 2806 910 2870 ies·

257 2894 389 2957 tiuitate
419 2894 535 2956 uotiua
564 2903 644 2956 sunt
674 2904 912 2959 sacramenta.
963 2901 1065 2972 atque
1107 2888 1275 2972 pontificis
1315 2890 1409 2954 cuius
1451 2890 1618 2954 solennia⁸

257 2982 327 3045 eius
356 2979 514 3044 salutaria
545 2979 641 3044 nobis
676 2980 912 3044 intercessione
962 2977 1126 3041 colimus.
1144 2977 1229 3039 eius⁴
1253 2978 1343 3060 apud
1372 2989 1405 3041 te
1433 2978 1616 3042 intercessi·

257 3069 438 3133 reddantur
456 3091 463 3131 :
479 3087 545 3151 per.
962 3065 1083 3128 onibus
1098 3063 1295 3127 adiuuemur
1310 3089 1317 3128 :
1333 3084 1399 3149 per.

500 3238 504 3302 1
517 3239 560 3289 101.
579 3254 656 3302 13121.
1220 3243 1230 3295 ΙΙ
1241 3237 1284 3287 101.
1303 3254 1357 3301 ¹3²·

306 3456 315 3489 ¹
332 3459 447 3524 Nothing
456 3475 503 3509 can
514 3460 547 3510 be
558 3460 643 3510 traced
654 3461 699 3510 but
712 3459 747 3527 (r)
762 3459 935 3510 ‘sacerdos...
948 3459 1123 3511 .incrementis
1135 3457 1170 3524 (a)
1182 3475 1212 3509 ex
1223 3459 1274 3509 .uit
1283 3468 1309 3509 et
1356 3457 1391 3525 (3)
1472 3460 1500 3510 t.’

304 3524 316 3556 ²
331 3525 459 3575 Pencilled
472 3525 540 3575 ‘.t›.’
551 3526 577 3575 in
588 3535 661 3576 outer
670 3527 845 3591 margin-431
855 3542 880 3574 v.
894 3524 955 3590 (18).

304 3588 315 3620 ³
333 3591 363 3640 10
380 3590 422 3640 the
433 3599 504 3641 outer
521 3591 608 3641 lateral
625 3592 722 3656 margin
739 3591 768 3642 01
784 3608 828 3657 13²
848 3591 948 3656 (tt-15)
966 3590 1009 3640 the
1026 3589 1140 3656 frequent
1155 3597 1288 3640 annotator
1304 3590 1367 3640 adds
1382 3590 1407 3640 in
1423 3591 1477 3651 inlr,
1490 3608 1518 3642 as
1534 3595 1614 3654 usual,

255 3655 305 3705 and
324 3655 349 3704 in
365 3655 477 3706 fourteen
494 3656 606 3707 lines:-

305 3721 374 3771 Deus
384 3721 427 3786 qui
439 3722 539 3771 beatum
551 3721 709 3786 augustinum
726 3721 870 3787 pontificem
886 3722 995 3786 primum
1006 3721 1135 3770 doctorem
1147 3721 1242 3785 populo
1253 3721 1395 3771 concessisti
1407 3721 1537 3787 anglorum
1546 3761 1553 3773 .
1562 3724 1616 3774 eius

255 3784 394 3836 interuentu
405 3787 478 3837 nobis
491 3787 571 3838 tribue
582 3787 682 3838 uoniam
692 3796 852 3853 peccatorum
863 3796 887 3837 et
899 3803 957 3837 cum
968 3786 1024 3852 ipso
1035 3786 1164 3836 celestium
1174 3785 1266 3851 gaudia
1277 3786 1443 3851 premiorum.
1456 3804 1508 3853 per.

864 3904 1003 3956 Sscnarn.

305 3996 361 4045 Hec
377 3995 473 4045 oblatio
489 3995 535 4045 tihi
552 3995 654 4045 domine
671 3996 819 4061 placeat.et
835 3997 980 4047 intercessio
995 3996 1076 4046 sancti
1092 3995 1201 4046 doctoris
1217 3994 1348 4061 anglorum
1364 3995 1489 4060 augustini
1505 4012 1551 4046 uos
1567 3998 1614 4047 tibi

257 4061 346 4125 dignos
357 4061 487 4112 “hibent
504 4078 557 4127 W.
813 4127 1053 4178 Posrcousruuro.

305 4218 467 4270 Sacramema
486 4227 529 4269 tua
546 4218 649 4269 domine
663 4226 748 4269 nostra
763 4227 892 4285 extergant
909 4220 1008 4286 piacula
1020 4254 1027 4267 .
1039 4218 1168 4295 sanctique
1184 4218 1307 4294 augustini
1324 4217 1471 4269 confessoris
1487 4219 1523 4268 tui
1541 4228 1617 4284 atque

255 4284 380 4349 pontilicis
391 4284 471 4334 oratio
482 4299 528 4333 nos
538 4284 640 4334 adiuuet
653 4291 719 4334 recte
730 4285 846 4335 incedere
856 4285 922 4335 inter
932 4285 1018 4335 omnia
1028 4284 1102 4334 huius
1112 4292 1164 4334 uite
1175 4284 1285 4349 pericula
1294 4319 1301 4332 .
1309 4299 1362 4350 per.

257 4415 263 4426 ·
301 4350 358 4414 Just
368 4349 516 4440 above‘this.
521 4350 644 4415 marginal
654 4349 768 4400 addition
779 4351 829 4400 and
842 4350 899 4402 thus
906 4359 949 4402 out
958 4350 987 4400 01
994 4351 1027 4400 its
1034 4365 1126 4415 proper
1133 4349 1355 4415 place—opposite
1363 4349 1415 4400 line
1424 4363 1446 4413 7,
1456 4357 1500 4400 not
1509 4348 1616 4414 lineo—

256 4431 277 4465 18
288 4414 407 4530 Ἢὲῗεῃ
405 4415 560 4544 1011111,ιὲῧο
574 4480 600 4529 10
612 4479 661 4530 five
672 4479 742 4540 lines,
756 4481 807 4530 and
822 4480 924 4546 beginnl
973 4498 989 4531 a
1004 4481 1068 4531 little
1083 4480 1166 4530 below
1177 4480 1220 4530 the
1233 4479 1339 4556 1010101
1350 4479 1393 4529 the
1404 4478 1456 4529 first
1467 4479 1519 4529 line
1530 4480 1560 4528 01
1572 4479 1615 4530 the

254 4545 344 4611 ruling‚
358 4545 428 4596 there
440 4545 461 4596 is
471 4560 487 4594 a
499 4546 687 4596 memorandum
698 4546 729 4595 01
741 4546 784 4596 the
798 4547 905 4611 officium
921 4562 937 4595 ο
964 4547 1006 4597 the
1017 4546 1100 4596 added
1113 4546 1190 4596 Mass.
1227 4545 1250 4594 11
1262 4560 1284 4594 rs
1295 4552 1393 4595 written
1406 4560 1431 4594 m
1443 4545 1496 4605 mk,
1510 4546 1561 4594 and
1572 4545 1615 4595 the

254 4611 381 4662 character
402 4611 424 4661 is
445 4611 549 4668 cursive,
569 4627 644 4675 many
662 4610 692 4660 01
711 4612 754 4661 the
776 4612 859 4661 words
880 4612 939 4662 bein
978 4611 1071 4675 closely
1089 4610 1336 4661 contractem-‘De
1354 4618 1441 4660 sancto
1460 4610 1611 4687 augustino.

255 4675 364 4726 officium
373 4711 380 4725 .
389 4677 475 4726 statuit
488 4710 494 4723 .
506 4676 567 4741 grad
581 4711 588 4723 .
599 4676 660 4725 dom
671 4710 679 4725 .
691 4677 864 4741 praeu[enisti]
876 4711 882 4725 .
894 4627 995 4726 elleiuta
1008 4711 1014 4723 .
1026 4677 1104 4726 iustus
1115 4675 1265 4741 germinabit
1278 4710 1285 4723 .
1297 4675 1368 4725 offert
1382 4709 1388 4722 .
1400 4675 1505 4740 posuisti
1518 4709 1525 4723 .
1537 4691 1593 4725 com
1608 4710 1614 4723 .

255 4742 335 4792 tidelis
346 4740 397 4804 (il)
431 4742 455 4793 It
467 4742 488 4791 is
499 4740 615 4792 enclosed
628 4742 661 4806 by
671 4749 723 4791 two
732 4741 833 4791 vertical
844 4742 907 4792 lines
918 4742 1036 4807 reaching
1047 4749 1074 4792 to
1085 4742 1128 4791 the
1139 4739 1293 4791 annotator's
1305 4741 1373 4790 Mass
1382 4740 1433 4804 just
1444 4740 1526 4804 given.

303 4807 359 4857 The
372 4807 513 4872 remaining
527 4807 649 4872 marginal
665 4807 734 4856 work
750 4823 782 4857 on
802 4822 846 4872 rga
861 4808 966 4857 consists
981 4807 1011 4856 01
1023 4823 1039 4856 a
1054 4807 1200 4857 recumbent
1215 4806 1315 4856 manual
1326 4821 1394 4856 cross
1405 4805 1430 4854 in
1443 4805 1486 4855 inlr
1498 4807 1615 4871 opposite

255 4872 306 4948 line
320 4873 356 4948 ill,
371 4872 421 4921 and
432 4873 549 4938 opposite
560 4872 610 4922 line
623 4888 654 4923 ao
665 4870 707 4921 ‘fi'
718 4872 768 4922 and
780 4888 796 4922 a
807 4873 907 4922 manual
922 4888 990 4922 cross
1006 4873 1032 4921 in
1047 4871 1139 4938 pencil.
1172 4872 1228 4922 The
1243 4872 1325 4921 rubric
1338 4871 1368 4920 01
1381 4871 1424 4921 the
1437 4871 1538 4921 Prelace
1549 4872 1570 4921 is
1581 4887 1614 4920 on

255 4937 535 5067 tlns‘slllrleeisnniversatry
551 5002 581 5052 01
597 5003 625 5053 St
645 5002 807 5080 Augustine’s
824 5003 996 5053 consecration
1013 5019 1065 5052 was
1081 5001 1142 5116 kept
1160 5018 1194 5051 00
1212 5003 1254 5052 the
1271 5000 1395 5052 sixteenth
1414 5001 1444 5051 01
1459 5002 1612 5052 November.

255 5069 303 5116 See
315 5068 442 5117 ‘Historia
454 5067 599 5117 Monasterit
612 5069 698 5118 Sancti
710 5068 844 5132 Augustini
857 5066 1055 5118 Cantnariensis'
1066 5068 1121 5129 [Ro
1129 5067 1151 5116 ls
1162 5067 1277 5127 Edition]
1288 5083 1313 5131 p.
1327 5069 1365 5129 78.

303 5134 314 5163 ⁴
330 5133 393 5183 This
405 5131 484 5182 ‘eius’
496 5133 517 5182 is
528 5133 660 5183 interlined
673 5133 698 5182 in
710 5134 753 5182 the
767 5135 824 5184 MS.

342 5247 379 5299 M.
398 5248 429 5298 R.
1490 5236 1527 5295 16
