4109 6275
457 769 517 848 156

737 780 809 832 PRO
832 780 977 832 SALUTE
1000 779 1181 834 UIUORUM
1204 781 1252 832 ET
1275 781 1528 833 MORTUORUM.

452 954 652 1019 famulorum
680 955 946 1037 famularumque
971 964 1105 1018 tuarum
1156 957 1471 1039 praedestinationis
1501 955 1583 1020 liber
1613 955 1737 1037 scripta
1762 974 1812 1017 re·

453 1043 679 1106 remissionem
696 1052 892 1107 cunctorum
908 1042 1017 1106 tribue
1030 1062 1105 1124 pec-
1156 1045 1262 1109 tineat
1285 1067 1292 1108 :
1315 1065 1380 1127 per.

452 1139 633 1193 catorum.
657 1139 694 1193 ut
727 1128 969 1212 indulgentiam
1003 1149 1106 1212 quam

452 1224 656 1298 optauerunt
678 1267 685 1279 .
709 1217 773 1299 piis
803 1216 1107 1301 supplicationibus

452 1314 698 1385 consequantur
714 1328 720 1366 :
736 1324 803 1386 per.

691 1446 854 1495 secuetu.

536 1529 639 1592 ostias
655 1549 856 1611 quaesumus
872 1530 1007 1592 domine
1023 1542 1108 1610 quas

556 1616 616 1679 tibi
630 1636 690 1699 pro
702 1616 895 1679 animabus.
906 1614 1107 1678 famulorum

1331 1185 1629 1236 postcommunio,

1160 1270 1345 1405 purificet
1376 1290 1433 1333 nos
1466 1288 1640 1352 quesumus
1672 1279 1814 1350 omnipo·

1240 1368 1309 1422 tens
1343 1356 1420 1420 deus
1455 1366 1694 1420 sacramentum
1730 1354 1817 1438 quod

1156 1445 1355 1529 sumpsimus
1387 1455 1418 1508 et
1445 1452 1578 1527 praesta
1610 1453 1649 1507 ut
1678 1464 1741 1507 non
1768 1442 1816 1506 sit

1158 1533 1249 1597 uobis
1264 1543 1373 1596 reatus
1386 1531 1435 1594 ad
1443 1528 1600 1612 pacnam¹
1617 1579 1624 1595 .
1638 1531 1699 1594 sed
1715 1530 1814 1594 inter·

1158 1620 1264 1683 cessio
1301 1619 1456 1683 salutaris
1496 1619 1539 1681 ad
1582 1618 1717 1681 ueniam
1740 1667 1748 1681 .
1770 1618 1814 1680 sit

454 1701 722 1784 famularumque
763 1712 895 1765 tuarum
937 1701 1108 1765 offerimus
1157 1708 1286 1770 ablutio
1305 1706 1465 1770 scelerum
1482 1754 1489 1769 .
1505 1707 1549 1768 sit
1569 1703 1731 1768 fortitudo
1750 1704 1814 1767 lra-

455 1790 654 1872 propitiatus
672 1790 876 1854 intendent
891 1789 1013 1872 quibus
1029 1788 1107 1852 fidei
1158 1795 1305 1878 gilium.
1329 1795 1372 1856 sit
1406 1802 1524 1856 contra
1554 1793 1667 1855 omnia
1698 1791 1814 1854 mundi

454 1876 654 1939 christianae
673 1878 829 1940 meritum
853 1876 1024 1940 contulisti
1049 1876 1108 1938 do·
1160 1881 1304 1964 pericula
1321 1879 1587 1944 firmamentum.
1601 1880 1644 1942 sit
1660 1880 1813 1942 uiuorum

456 1982 514 2025 nes
530 1973 564 2026 et
579 1965 764 2046 praemium
784 1988 790 2026 :
806 1984 873 2045 per.
1159 1979 1260 2050 atque
1276 1978 1481 2031 mortuorum
1499 1965 1647 2029 fidelium
1664 1967 1816 2029 remissio

629 2111 926 2164 postcommunio

513 2196 668 2260 nimabus
716 2217 919 2278 quaesumus
970 2198 1109 2261 domine

550 2282 749 2346 famulorum
770 2282 1036 2366 famularumque
1058 2294 1109 2348 tu-

455 2390 549 2433 arum
588 2371 695 2434 oratio
732 2370 884 2453 proficiat
919 2370 1109 2454 supplican-

455 2457 539 2520 tium
556 2507 563 2521 .
580 2467 616 2521 ut
631 2477 688 2520 eas
704 2467 738 2522 et
753 2479 774 2521 a
789 2460 935 2541 peccatis
952 2458 1109 2522 omnibus

455 2564 583 2607 exuas.
599 2554 634 2607 et
654 2555 732 2608 tuae
751 2546 991 2627 redemptionis
1007 2544 1110 2609 facias

456 2651 530 2694 esse
545 2632 724 2715 participes
742 2656 749 2695 ε
765 2653 832 2715 per.

455 2834 546 2894 PRO
573 2831 760 2892 sature
790 2829 1017 2890 ultionum
1046 2826 1106 2886 ΕΤ

609 2911 951 2973 montuosum.

531 3044 751 3096 MNIPOTENS
870 3045 1112 3096 SEMPITERNE

551 3132 648 3185 DEUS
672 3169 678 3183 .
702 3119 758 3201 qui
804 3118 957 3183 uiuorum
1002 3120 1109 3183 domi-

456 3208 545 3272 naris
574 3206 672 3271 simul
703 3215 737 3270 et
768 3217 975 3271 mortuorum
1002 3208 1109 3270 omni-

456 3315 580 3377 umque
615 3294 777 3357 misereris
812 3314 897 3376 quos
931 3304 1008 3357 tuos
1043 3294 1110 3357 fide

456 3392 490 3446 et
516 3401 617 3464 opere
643 3381 771 3444 futuros
795 3401 867 3444 esse
894 3383 1110 3463 praenoscis:

456 3478 491 3532 te
521 3467 715 3551 suppliciter
744 3476 946 3534 exoramus.
964 3466 1019 3551 llut
1050 3488 1111 3550 pro

456 3554 578 3638 quibus
612 3554 782 3618 effundere
815 3574 929 3637 preces
965 3554 1111 3618 decreui-

457 3662 531 3705 mus
547 3690 553 3704 .
569 3660 721 3723 quosque
743 3642 795 3704 uel
819 3661 975 3723 praesens
1000 3641 1110 3705 adhuc

456 3728 626 3792 saeculum
664 3728 696 3790 in
735 3748 835 3791 came
868 3728 989 3793 retinet
1017 3779 1024 3793 .
1057 3728 1110 3792 uel

457 3815 604 3880 futurum
632 3815 698 3878 iam
726 3825 848 3878 exutos
874 3835 1013 3898 corpore
1039 3836 1111 3879 sus·

456 3903 568 3986 cepit.
585 3902 719 3985 pietatis
746 3912 824 3965 tuae
850 3902 1029 3966 clementia
1053 3904 1110 3967 de·

458 3990 610 4054 lictorum
627 4008 762 4053 suorum
782 3991 933 4052 omnium
954 3990 1109 4053 ueniam.

456 4086 490 4142 et
539 4076 663 4159 gaudia
713 4077 871 4159 consequi
921 4087 1111 4140 mereantur

456 4174 592 4228 aeterna
614 4188 622 4227 ι
644 4183 710 4246 per.

701 4294 864 4343 secut-:tn

465 4412 601 4541 DEUS
615 4398 668 4462 cui
683 4398 745 4462 soli
761 4400 915 4481 cognitus
930 4409 981 4463 est
993 4420 1110 4465 nume-

1159 2059 1309 2119 omnium
1327 2064 1540 2137 peccatorum
1558 2077 1565 2115 :
1580 2073 1647 2136 per.

1161 2223 1281 2283 ΙΤΕΜ
1313 2222 1423 2282 ΑΙ.ΙΑ
1455 2219 1548 2280 PRO
1581 2217 1715 2279 UlUlS
1751 2216 1812 2276 ΕΤ

1367 2302 1607 2364 mourut&

1160 2418 1167 2502 Ι
1175 2430 1439 2564 Suucronuu
1455 2430 1618 2482 ruonuu
1632 2418 1816 2482 intercessi-

1248 2504 1368 2568 onibus
1393 2525 1595 2588 quaesumus
1621 2506 1758 2569 domine
1782 2515 1817 2569 et

1161 2613 1221 2656 nos
1238 2602 1375 2675 protege
1392 2640 1399 2655 .
1415 2601 1450 2654 et
1466 2591 1599 2655 famulis
1620 2601 1654 2655 et
1675 2591 1816 2656 famula-

1161 2680 1223 2742 bus
1233 2679 1300 2742 tuis
1309 2699 1450 2762 quorum
1461 2680 1815 2744 commemorationem

1161 2767 1321 2849 agimus.
1345 2765 1398 2829 uel
1434 2786 1575 2850 quorum
1616 2765 1817 2830 elemosinas

1161 2854 1346 2936 recepimus
1362 2903 1369 2915 .
1386 2872 1444 2917 seu
1460 2853 1562 2916 etiam
1579 2853 1630 2916 his
1645 2856 1702 2936 qui
1718 2855 1817 2917 nobis

1160 2940 1387 3005 familiaritate
1424 2941 1526 3003 iuncti
1568 2950 1647 3004 sunt
1690 2943 1816 3004 miseri·

1160 3028 1308 3091 cordiam
1339 3035 1432 3090 tuam
1461 3028 1584 3109 ubique
1610 3029 1816 3110 praetende.

1160 3123 1197 3180 ut
1232 3116 1276 3179 ab
1312 3115 1468 3179 omnibus
1505 3115 1817 3199 impugnationibus

1161 3203 1287 3266 defensi
1303 3213 1361 3266 tua
1382 3202 1604 3285 opitulatione
1622 3204 1816 3268 saluentur.

1160 3301 1194 3355 et
1221 3290 1350 3353 animas
1376 3288 1576 3354 famulorum
1602 3290 1816 3354 famularum-

1161 3399 1227 3462 que
1272 3388 1434 3440 tuarum.
1461 3377 1612 3441 omnium
1658 3378 1817 3442 uidelicet

1161 3463 1309 3527 fidelium
1340 3463 1579 3529 catholicorum
1601 3515 1608 3529 .
1630 3465 1817 3529 orthodox-

1162 3571 1256 3614 orum
1273 3571 1437 3634 ,quorum
1461 3553 1815 3628 commemorationem

1161 3639 1292 3720 agimus
1308 3686 1315 3701 .
1331 3645 1365 3700 et
1381 3658 1523 3721 quorum
1540 3659 1680 3722 corpora
1698 3641 1731 3702 in
1752 3639 1817 3703 hoc

1162 3725 1366 3789 monasterio
1382 3725 1435 3788 uel
1451 3724 1485 3788 in
1501 3727 1629 3790 cunctis
1645 3726 1816 3790 cimiteriis

1162 3810 1309 3875 fidelium
1341 3813 1574 3895 requiescunt.
1591 3813 1643 3876 uel
1674 3834 1815 3896 quorum

1162 3899 1299 3961 nomina
1314 3919 1414 3981 super
1428 3908 1582 3964 sanctum
1599 3901 1705 3965 altare
1719 3912 1814 3965 tuum

1161 3987 1285 4067 scripta
1300 3987 1418 4049 adesse
1439 3988 1596 4050 uidentur
1611 4038 1618 4052 .
1633 3988 1815 4052 electorum

1161 4082 1293 4136 tuorum
1311 4073 1448 4155 iungere
1463 4075 1609 4157 digneris
1624 4076 1792 4139 consortio
1809 4100 1817 4140 :

1161 4180 1228 4243 per.

1408 4249 1570 4299 stouetn.

1224 4334 1379 4417 ropitiare
1405 4336 1541 4401 domine
1565 4339 1818 4422 supplicationi·

1244 4422 1306 4486 bus
1329 4425 1473 4487 nostris.
1489 4434 1523 4487 et
1546 4424 1607 4489 has
1628 4426 1817 4491 oblationes

503 4506 606 4587 ..rus
654 4486 835 4550 electOsum
884 4487 916 4586 in
966 4507 1110 4569 superfla
1161 4527 1245 4589 quas
1272 4530 1332 4593 pro
1357 4509 1587 4576 incolumitate
1614 4513 1815 4577 famulorum

456 4573 614 4636 fellcstate
652 4572 974 4674 ¹00³{1d118-tf1b00
1009 4595 1110 4675 qua?
1162 4594 1428 4680 famularumque
1444 4608 1575 4662 tuarum
1592 4649 1599 4663 .
1616 4609 1650 4664 et
1670 4621 1732 4684 pro
1747 4602 1817 4663 ani·

455 4680 570 4723 sumus
608 4669 646 4723 Ut
682 4679 910 4724 Ussffleffflfum
948 4682 1033 4762 (1⁰9⁵
1077 4681 1108 4724 ¹¹¹
1161 4682 1280 4746 mabus
1317 4685 1468 4749 omnium
1510 4685 1658 4750 fidelium
1701 4687 1816 4751 catho-

456 4747 1109 4830 orationecommendatossuscep1mus.
1162 4768 1318 4843 micorum
1360 4773 1627 4837 orthodoxorum
1672 4795 1815 4857 quorum

455 4832 509 4896 uel
519 4835 669 4897 omnium
681 4831 829 4897 fidelium
842 4836 978 4898 nomina
991 4836 1110 4900 beatae
1161 4860 1517 4923 commemorationem
1577 4862 1710 4944 agimus
1740 4913 1746 4925 Ι
1781 4873 1817 4927 et

713 4974 724 5028 ΙΙ
736 4967 779 5018 fol.
797 4984 850 5032 170.

1277 4975 1281 5041 Ι
1294 4977 1338 5027 iol.
1354 4992 1430 5042 17ov.
1564 4985 1573 5038 ΙΙ
1585 4980 1629 5030 sol.
1644 4995 1698 5045 17¹·

504 5105 513 5137 ¹
530 5108 587 5159 The
597 5109 719 5160 italicized
731 5112 830 5176 portion
841 5111 871 5162 ol'
878 5112 928 5162 this
940 5130 1028 5178 prayer
1040 5115 1061 5165 is
1072 5117 1098 5166 iu
1109 5117 1153 5167 the
1164 5118 1306 5185 MS.-170
1319 5121 1572 5186 (rs-14l—-written
1583 5138 1616 5172 on
1627 5138 1661 5172 en
1671 5138 1779 5174 mamre.
