4109 6275
470 802 512 868 50
822 798 863 848 ΙΝ
889 798 1037 850 UlGILIA
1059 796 1304 848 ASCENSIONIS
1327 793 1475 847 DOMINI.

482 987 527 1047 111
557 959 738 1049 urorum
762 984 1100 1047 ascensionis
1172 976 1493 1040 subsannamus
1511 974 1653 1040 christus
1670 971 1828 1035 dominus

691 1069 796 1130 0οΜ
809 1068 852 1128 ΙΝ
864 1067 888 1128 Ι.
1173 1074 1306 1129 noster:
1327 1064 1384 1147 qui
1400 1073 1513 1127 tecum
1529 1062 1621 1126 uiuit.

493 1197 522 1254 Ᾰ.
564 1200 673 1252 Omnes
690 1209 789 1268 gentes
808 1197 933 1268 plaudite
951 1196 1091 1252 manibus

722 1346 860 1395 ΟΒΑΠΟ.
1414 1284 1458 1343 ΙΝ
1489 1284 1580 1344 [)ΙΕ.

529 1450 672 1500 RAESTA
701 1449 929 1513 QUAESUMUS
959 1383 1121 1500 Ops-Nm),
1169 1416 1199 1474 Ᾰ.
1218 1418 1295 1498 UlRl
1309 1428 1443 1471 GALILEI.
1466 1408 1495 1471 V.
1514 1418 1632 1484 cunque
1644 1415 1826 1469 intuerentur.

550 1538 649 1626 rans
684 1538 822 1625 pram:
861 1537 911 1588 or
950 1536 1123 1623 nosram:
1305 1559 1503 1624 oncene
1564 1558 1823 1641 Qvnsvnvs

469 1624 610 1713 MEttTls
640 1621 781 1714 intentio
811 1632 879 1693 quo
911 1609 1122 1712 solennitatis
1326 1660 1572 1711 OMNIPOTENS
1612 1659 1732 1708 DEVS:
1776 1655 1826 1707 UT

468 1698 649 1763 hodiernae
671 1700 835 1781 gloriosus
858 1706 974 1761 auctor
997 1717 1121 1780 ingres·
1169 1562 1293 1841 C
1329 1746 1396 1810 QUI
1420 1744 1622 1796 HODIERNA
1647 1744 1713 1793 Due
1741 1743 1824 1794 UNI·

468 1806 525 1849 sus
554 1796 606 1850 est
636 1805 768 1868 semper
797 1784 1023 1849 intendat.et
1054 1805 1122 1866 quo
1329 1820 1486 1884 carritum
1531 1828 1628 1882 tuum
1674 1818 1825 1901 sedem?

468 1872 542 1975 fide.
578 1883 686 1955 ΡΨ
716 1923 723 1936 ’
754 1881 1006 1936 ⁶⁰⁰⁰e¹⁵³t¹⁰¹¹e
1048 1892 1121 1955 ΡΨ
1172 1917 1279 1971 torem
1295 1916 1446 1971 nostrum
1459 1906 1502 1970 ad
1515 1905 1626 1970 caelos
1638 1906 1826 1969 ascendisse

468 1971 599 2024 ”emat‘
622 1960 849 2043 pereundem·
1172 1995 1338 2059 credimus
1361 2044 1367 2059 .
1391 1994 1453 2077 ipsi
1483 2014 1618 2077 quoque
1648 2003 1761 2058 mente
1794 1994 1824 2055 in

710 2112 873 2163 seorim.
1172 2082 1371 2147 caelestibus
1383 2081 1588 2145 habitemus:
1614 2101 1673 2163 per
1682 2081 1824 2144 eundern

470 2202 697 2336 qaerificium
728 2202 865 2267 domine
894 2221 954 2285 pm
985 2200 1043 2264 filii
1072 2202 1121 2266 tui
1171 2170 1346 2234 dominum
1364 2179 1515 2233 nostrum
1532 2168 1637 2231 iesum
1656 2167 1826 2232 christum.

467 2309 492 2336 k

540 2291 708 2374 supplices
739 2289 919 2354 uenerabili
950 2309 1039 2353 nunc
1068 2309 1121 2352 as·
1419 2333 1574 2382 swam

467 2378 623 2443 censione
645 2377 823 2442 deferimus
839 2425 846 2441 .
863 2386 996 2459 praesta
1020 2396 1121 2459 quae·
1577 2372 1581 2382 '

466 2485 582 2529 sumus
611 2475 648 2530 ut
679 2476 713 2529 et
744 2485 806 2528 nos
835 2484 894 2548 per
925 2464 1033 2548 ipsum
1069 2463 1121 2526 his

467 2553 674 2617 commerciis
700 2573 795 2616 sacro
822 2552 946 2615 sanctis
972 2552 1015 2615 ad
1046 2571 1120 2615 cae·
1171 2599 1193 2663 d

468 2640 563 2704 lestia
579 2659 837 2723 consurgamus:
861 2639 917 2722 qui
934 2649 1054 2702 tecum.
1195 2619 1214 2663 e

1172 2424 1337 2560 Suscipe
1346 2423 1482 2486 domine
1494 2441 1633 2486 munera
1644 2441 1731 2504 quae
1734 2468 1813 2485 ......
1816 2427 1827 2458 ¹

1245 2531 1306 2594 pro
1321 2509 1379 2573 filii
1399 2510 1447 2573 tui
1469 2508 1614 2592 gloriosa
1634 2509 1826 2572 ascensione

1216 2598 1351 2663 ferimus
1362 2647 1370 2663 .
1382 2605 1416 2661 et
1431 2597 1579 2661 concede
1594 2596 1758 2679 propitius
1771 2645 1778 2659 .
1790 2603 1825 2658 ut

1171 2707 1192 2750 a
1208 2685 1439 2768 praesentibus
1455 2683 1610 2768 periculis
1626 2683 1826 2747 liberemur.

908 2836 914 2849 ,
1059 2836 1065 2849 ,
1171 2784 1205 2838 et
1217 2774 1260 2837 ad
1273 2775 1377 2837 uitam
1391 2772 1626 2855 perueniamus
1638 2780 1825 2835 aeternam.

471 2840 625 2971 Omnes
651 2847 763 2920 gentes
792 2835 942 2920 plaudete
970 2837 1123 2900 manebus
1171 2882 1232 2944 pes
1245 2860 1399 2924 eundem·

557 2925 692 2989 iubilate
707 2924 764 2987 deo
779 2923 814 2987 in
829 2944 902 2987 uoce
913 2923 1123 2988 exrellaciomi

466 3011 600 3076 alleluiis
625 3010 759 3075 alleluia
783 3009 925 3075 alleluia.
979 3009 1124 3075 Subiecil
1390 3011 1612 3061 ΡΗΑΕΡΗΑΤΙΟ.

459 3098 593 3183 populns
630 3098 726 3164 nobis
776 3101 906 3183 epistola
962 3097 1121 3164 Multitu-
1252 3122 1496 3174 anemonen
1518 3121 1587 3172 reu
1608 3120 1826 3173 canrsrun.

466 3187 557 3252 dinis
581 3197 688 3251 autem
713 3208 771 3250 cre.
819 3188 920 3253 Grarl
965 3185 1120 3250 Alleluia.
1273 3199 1332 3276 Qui
1348 3208 1425 3281 post
1440 3197 1714 3260 resurrectionem
1731 3216 1824 3260 suam

470 3274 589 3340 Omnes
603 3284 715 3356 gmles
728 3273 878 3356 plaudite
900 3273 1052 3337 manibus
1072 3274 1120 3338 iu·
1171 3287 1327 3350 omnibus
1349 3285 1521 3367 discipulis
1540 3286 1609 3348 suis
1630 3285 1826 3348 manifestus

467 3362 565 3425 bilate'
604 3361 660 3425 deo
705 3360 740 3423 in
788 3382 861 3425 uoce
904 3359 1120 3425 exultat-nnis.
1171 3374 1327 3456 apparuit
1342 3421 1351 3439 .
1366 3383 1400 3438 et
1427 3373 1508 3456 ipsis
1537 3371 1750 3435 comentibus
1776 3381 1826 3434 est

464 3470 579 3513 evvcvt.
629 3447 809 3512 Sulltualis
827 3447 986 3511 dminus·
1028 3451 1122 3531 offer!
1171 3460 1322 3525 eleuatus
1342 3461 1376 3523 in
1397 3459 1548 3523 caelum:
1571 3468 1608 3523 ut
1629 3478 1690 3521 nos
1706 3459 1825 3521 diuini-

468 3534 623 3636 Ascmdil
643 3535 722 3598 dms
744 3534 779 3598 in
802 3533 991 3635 iubilacione
1015 3546 1046 3598 et
1066 3535 1121 3597 do·
1172 3550 1251 3612 tatis
1277 3568 1358 3611 suae
1384 3548 1563 3627 tribuelret
1590 3566 1664 3609 esse
1693 3547 1825 3629 partici-

468 3642 579 3685 mmus
604 3643 638 3686 m
665 3643 737 3685 rroce
765 3621 837 3685 tube
861 3619 1002 3686 alleluza.
1054 3648 1119 3687 com
1172 3655 1240 3719 pes,⁸
1286 3635 1331 3698 Et
1347 3634 1431 3698 ideo,

468 3708 573 3772 Pater
584 3729 655 3773 cum
671 3729 768 3772 essem
787 3729 858 3771 cum
876 3708 923 3772 eir
938 3729 994 3790 ego
1010 3730 1121 3772 sema·

469 3797 543 3860 bam
560 3817 611 3860 eos
629 3817 708 3879 quos
725 3794 846 3859 dedisti
862 3795 949 3860 milti
965 3795 1120 3860 alleluia.
1445 3788 1552 3837 ΙΝΡΗΑ·

468 3904 553 3947 nunc
576 3892 684 3947 auum
709 3883 758 3946 ad
784 3892 815 3946 te
841 3883 934 3947 uento
958 3904 1021 3946 non
1048 3903 1123 3966 rogo
1235 3872 1504 3937 ommunicantes
1532 3882 1568 3937 et
1597 3874 1687 3937 diem
1719 3893 1825 3937 sacra-

468 3980 506 4035 ut
535 3970 628 4035 tollas
656 3992 707 4034 eos
734 3971 775 4034 de
803 3969 923 4034 mundo
952 3980 990 4034 ut
1016 3991 1123 4034 scruas
1257 3960 1422 4024 tissimum
1447 3960 1654 4025 celebrantes
1676 3981 1744 4044 quo
1767 3961 1826 4025 do-

467 4079 519 4122 eos
539 4059 648 4122 amalo
669 4057 803 4122 alleluia
824 4056 980 4122 alleluia&
1173 4048 1284 4111 miuus
1304 4057 1418 4112 noster
1438 4047 1629 4131 unigenitus
1649 4047 1735 4112 filius
1751 4058 1826 4113 tuus

567 4161 569 4165 ’
1174 4136 1302 4199 unitam
1318 4135 1380 4199 sibi
1397 4145 1533 4199 nostrae
1548 4134 1738 4219 fragilitatis
1750 4136 1826 4200 sub-

645 4220 943 4271 POSTCOMMUNJO·
1172 4222 1331 4287 stantiam
1362 4223 1395 4285 in
1425 4221 1552 4306 gloriae
1581 4232 1659 4287 tuae
1685 4225 1827 4288 dextera

469 4309 630 4442 Tribue
645 4329 848 4394 quaesumus
864 4309 999 4373 domine
1016 4319 1052 4374 ut
1064 4331 1123 4393 per
1172 4309 1368 4375 collocauit.
1383 4309 1451 4375 Sed
1468 4319 1502 4374 et
1518 4310 1715 4374 memoriam
1728 4331 1827 4375 uene-

556 4397 640 4461 haec
669 4417 762 4461 sacra
789 4417 876 4480 quae
907 4396 1124 4481 {sumpsimus
1172 4407 1285 4462 rantes
1312 4399 1344 4461 in
1370 4397 1485 4481 primis
1507 4396 1673 4480 gloriosae
1696 4418 1828 4482 semper

467 4485 545 4549 illuc
589 4486 707 4550 tendat
752 4494 885 4548 nostrae
933 4485 1123 4549 deuotionis
1173 4485 1310 4568 uirginis
1328 4497 1474 4548 MARIAE
1489 4485 1659 4566 genitricis
1676 4487 1825 4550 eiusdem

467 4571 606 4636 affectus
630 4621 637 4635 .
659 4592 727 4655 quo
768 4584 880 4636 tecum
919 4582 971 4637 est
1009 4582 1123 4637 nostra
1172 4574 1226 4638 dei
1242 4573 1419 4636 etdomini
1435 4572 1549 4636 nostri.

726 4710 787 4773 llol
803 4726 866 4774 5rv.
1440 4709 1560 4774 1110151.
1631 4738 1634 4747 ν

467 4943 473 4954 ·
494 4942 500 4954 ·
515 4877 525 4909 ¹
543 4875 582 4928 Ol
599 4875 643 4927 the
659 4876 745 4926 erased
764 4875 865 4954 Prelaee
880 4876 1031 4941 superseded
1049 4876 1083 4953 by
1099 4877 1149 4927 this
1165 4878 1272 4964 pfficr'um
1289 4875 1396 4953 nothing
1412 4876 1433 4925 is
1449 4875 1538 4953 visible¹
1554 4876 1599 4926 but
1615 4875 1659 4926 tbe
1675 4876 1767 4935 rubrio,
1783 4877 1826 4926 the

466 4942 546 4992 imtrnl
563 4943 595 4999 V,
612 4941 663 4991 and
682 4939 743 5016 ’1113Ι
756 4940 867 5055 1103111)Ιῖ
884 4949 940 5005 part
958 4942 988 4990 ol
1002 4943 1069 4991 ‘subi
1148 4952 1171 5021 1..
1191 4944 1257 5019 'See
1275 4941 1409 5019 Panaenus,
1429 4942 1606 5006 ‘Luturgrcon'
1624 4942 1735 5019 ”2⁵⁶9
1770 4943 1826 4993 The

466 5007 789 5135 allrllaeoeenbmcilclinngprrffd
806 5022 831 5055 rn
858 5021 911 5056 rnes
929 5021 984 5056 ra-
994 5023 1023 5074 19
1038 5008 1068 5057 ol
1078 5016 1087 5057 t
1106 5024 1120 5058 e
1135 5008 1241 5071 ongrnal
1257 5008 1339 5072 rulrng
1353 5006 1407 5069 (fol.
1420 5010 1472 5070 51),
1485 5009 1535 5057 and
1549 5007 1592 5056 tbe
1603 5005 1653 5056 ‘at'
1664 5022 1686 5055 rs
1696 5008 1825 5058 discerned

515 5135 624 5187 ²Blunlt
636 5151 743 5186 erasure.
