4109 6275
658 791 889 842 SANCTORUM
916 789 1172 841 MACHABEORU
1179 791 1216 840 M.
1556 795 1611 843 101

430 978 728 1027 POSTOOMMUNlO.
1205 967 1367 1014 ΕΕΟΗΕΤΑ.

260 1058 350 1184 Per
379 1058 477 1121 huius
507 1058 645 1122 domine
677 1059 908 1140 operationem
1035 1054 1164 1119 blatum
1175 1056 1236 1119 tibi
1249 1057 1386 1121 domine
1398 1054 1614 1121 sacrificium.

338 1146 487 1227 mysterii
518 1154 553 1209 et
583 1145 665 1209 uitia
692 1158 806 1210 nostra
833 1166 908 1230 pur·
1058 1144 1285 1209 intercedente
1298 1145 1398 1209 beato
1409 1146 1508 1209 Petro
1517 1165 1615 1228 apos-

254 1242 447 1315 gentur.et
474 1233 757 1297 intercedentibus
784 1234 909 1297 sanctis
959 1229 1030 1294 tolo
1057 1239 1115 1295 tuo
1131 1280 1138 1296 .
1156 1230 1302 1296 uiuificet
1330 1253 1390 1296 nos
1420 1252 1552 1315 semper
1582 1241 1616 1295 et

254 1320 320 1383 tuis
346 1321 434 1384 iusta
458 1321 624 1385 desideria
651 1321 910 1404 compleantur:
960 1319 1091 1382 muniat
1110 1339 1198 1402 :per

255 1428 323 1491 Ρη
1068 1454 1247 1528 [ψΕνααινι
1264 1457 1300 1528 os
1311 1458 1378 1511 m'ne
1396 1453 1504 1527 lines.]³

279 1579 591 1640 sanctonum
627 1579 882 1640 mncnnee-
1139 1558 1436 1638 postcommuio.

504 1660 661 1721 ORUM·
962 1671 1153 1803 Corporis
1180 1670 1263 1733 sacri
1290 1682 1324 1734 et
1354 1669 1490 1752 pretiosi
1519 1670 1615 1751 lisan-

513 1771 651 1819 oftnrto
1046 1757 1156 1838 guinis
1179 1757 1294 1840 repleti
1316 1757 1496 1822 libamine.
1514 1778 1616 1840 quae·

261 1873 499 2000 FRATERNA
533 1873 603 1923 NOS
635 1872 786 1924 DOMJNE
814 1873 909 1922 MAR-
960 1863 1076 1906 sumus
1113 1844 1250 1908 domine
1287 1845 1371 1908 deus
1410 1854 1523 1908 noster
1547 1866 1554 1907 ε
1578 1854 1616 1908 ut

342 1961 474 2010 TYRUM
499 1960 661 2011 TUORUM
687 1967 810 2009 corona
837 1946 909 2010 leti.
959 1930 1051 2012 quod
1067 1931 1123 2013 pia
1139 1932 1320 1995 deuotione
1335 1934 1501 2014 gerimus.
1515 1933 1615 1995 inter-

255 2033 349 2098 ficet.
363 2055 449 2117 quae
465 2043 499 2098 et
515 2032 591 2097 fidei
605 2045 739 2098 nostrae
750 2034 910 2116 praebeat
959 2017 1100 2081 cedente
1117 2018 1217 2081 beaw
1235 2020 1259 2082 Ρ
1261 2032 1360 2083 ETRO
1380 2019 1537 2102 aP0810¹⁰
1556 2028 1615 2083 1¹¹0

256 2121 475 2185 incitamenta
492 2123 715 2186 uirtutum.et
731 2120 908 2205 multiplici
959 2114 1050 2168 cesta
1082 2105 1312 2188 sedempllfflle
1342 2108 1514 2189 capiamus
1530 2130 1537 2168 ³
1556 2127 1616 2189 pes

256 2230 317 2272 nos
333 2210 493 2292 suffragio
509 2209 701 2274 consoletur
718 2233 725 2272 :
740 2229 807 2292 per.
959 2193 1144 2256 d0missum·

500 2361 664 2408 stcnfitn.
997 2370 1055 2428 DE
1088 2370 1286 2432 SANOTO
1318 2361 1582 2432 STEPHANO

258 2444 441 2569 Accepta·
468 2440 511 2502 sit
555 2440 587 2502 in
628 2449 809 2541 conspectu
850 2449 910 2503 tuo
1159 2453 1420 2514 EPlSCOPO.

350 2528 486 2590 domme
523 2536 636 2590 nostra
670 2524 823 2592 deuotro¹
846 2578 852 2589 .
876 2535 910 2589 et
1221 2566 1360 2615 omo,

255 2633 391 2713 eorum.
418 2614 514 2677 nobis
559 2612 618 2677 fiat
663 2613 909 2698 supplicatione
1035 2664 1105 2715 EUS
1153 2664 1192 2714 Ut
1216 2663 1287 2715 Nos
1313 2651 1401 2713 beati
1425 2663 1614 2714 STEPHANI

255 2701 510 2784 salutans.pro
536 2722 679 2784 quorum
706 2700 909 2765 solennitate
970 2665 1032 2790 D
1056 2664 1210 2819 masffyris
1241 2738 1288 2800 tui
1318 2747 1420 2820 atque
1446 2735 1615 2819 pontificis

255 2787 402 2852 desertus
421 2813 428 2851 ³
444 2810 509 2872 pes·
959 2846 1071 2888 annua
1087 2824 1287 2888 solennitate
1302 2822 1457 2888 letificas.
1468 2824 1615 2889 concede

433 2937 731 2986 postcommuio.
959 2913 1200 2995 propitiustut
1226 2912 1319 2975 cuius
1350 2911 1506 2977 natalicia
1536 2912 1615 2975 coli·

264 3023 427 3148 Praesta
457 3037 660 3099 quaesumus
695 3016 910 3098 omnipotens
961 3019 1053 3063 mus.
1066 3000 1109 3062 de
1124 2998 1273 3063 eiusdem
1290 3000 1391 3063 etiarn
1409 2999 1615 3082 protectione

339 3104 422 3168 deus
444 3113 508 3168 :ut
539 3124 681 3188 quorum
713 3103 908 3168 memoriam
958 3088 1167 3169 gaudeamus
1183 3109 1190 3150 ³
1206 3106 1272 3170 pes·

254 3192 456 3256 sacramenti
490 3193 747 3275 participatione
782 3191 909 3266 relcoli·
1207 3230 1371 3278 SEGRM

257 3299 361 3343 mus.
385 3277 487 3343 fidem
532 3291 667 3363 quoque
707 3277 911 3364 proficiendo

254 3367 463 3430 sentiamus.
479 3387 538 3448 per
1052 3333 1154 3376 unera
1203 3313 1262 3377 tibi
1312 3314 1449 3377 domine
1505 3315 1616 3380 dicata

969 3355 987 3440 l
1072 3398 1243 3464 sanctifica
1273 3451 1279 3465 .
1311 3410 1345 3465 et
1390 3403 1616 3467 intercedente

322 3521 383 3579 ΑΒ
416 3521 458 3580 [Η
471 3521 496 3578 Ν
506 3521 533 3579 0
543 3521 567 3580 υ
579 3522 601 3579 L
608 3522 633 3580 Α
664 3522 687 3581 S
694 3522 719 3580 Α
730 3520 755 3578 Ν
766 3521 844 3582 (ΠΙ
960 3487 1061 3551 beato
1073 3501 1271 3553 STEPHANO
1284 3498 1429 3571 martyre
1442 3499 1501 3554 tuo
1512 3499 1615 3573 atque

368 3603 459 3661 ΡΕΤ
469 3603 510 3660 pt
543 3602 803 3663 ppos-[01¹1¹
960 3573 1119 3726 pontifice
1135 3598 1142 3639 :
1158 3596 1216 3658 per
1231 3576 1366 3640 eadem⁴
1381 3597 1443 3641 nos
1464 3576 1615 3660 placatus

960 3682 992 3725 rn
1010 3683 1052 3726 en
1078 3683 1097 3726 e
1112 3712 1120 3728 .
1135 3684 1214 3747 per.-

410 3711 494 3772 ΕΝ
510 3727 571 3786 Qut
593 3726 739 3773 uunrun
762 3726 908 3772 uertitur

261 3728 396 4004 D
431 3821 656 3874 APOSTOLUM
702 3821 727 3870 A
775 3820 910 3871 UINCU·
1141 3813 1439 3862 POSTGOMMtJtttO.

433 3909 489 3960 Lis
521 3908 748 3960 ABSOLUTUM
781 3892 911 3957 illesum
1044 3912 1102 3955 aec
1147 3912 1208 3955 nos
1249 3894 1441 3955 communio
1479 3894 1617 3957 domine

432 3984 524 4046 abire
559 3983 665 4046 iecisti
692 3990 910 4045 :nostrorum
1066 3989 1186 4060 purget
1216 3999 1236 4041 a
1263 3979 1430 4043 crimine.
1454 3989 1488 4044 et
1516 3981 1615 4044 inter-

257 4091 460 4154 quaesumus
494 4070 632 4133 absolue
667 4068 801 4133 uincula
836 4088 912 4151 pec·
960 4067 1101 4129 cedente
1123 4065 1224 4129 beato
1246 4078 1445 4129 STEPHANO
1469 4076 1616 4149 martyre

257 4166 409 4222 catorum
425 4208 432 4222 .
448 4168 482 4220 et
512 4157 627 4221 omnia
654 4156 741 4220 mala
767 4176 787 4219 a
814 4154 912 4218 nobis
960 4161 1020 4215 tuo
1050 4160 1153 4234 atque
1182 4150 1341 4234 pontifice
1357 4202 1364 4216 .
1380 4152 1533 4218 caelestis
1567 4175 1616 4218 re-

257 4246 459 4329 propitiatus
475 4243 619 4308 exclude
638 4268 645 4306 :
661 4264 728 4327 per.
962 4239 1063 4303 medii
1079 4238 1179 4302 faciat
1195 4259 1268 4303 esse
1284 4250 1455 4304 consortes
1472 4261 1479 4304 :
1496 4261 1561 4323 per.

505 4374 512 4435 Ι
523 4372 566 4423 iol.
583 4372 629 4424 106
636 4389 662 4421 v.
1220 4374 1230 4426 ΙΙ
1241 4368 1287 4418 fot.
1301 4384 1356 4433 107.

305 4543 314 4574 ¹
332 4543 389 4593 The
400 4558 469 4592 same
480 4551 605 4592 corrector
616 4557 644 4591 as
654 4549 680 4590 at
692 4543 756 4603 8711.
767 4538 802 4603 (a)
813 4539 859 4589 has
870 4538 929 4588 here
940 4539 1035 4588 altered
1046 4539 1154 4589 ‘nostra’
1163 4538 1217 4588 into
1227 4539 1360 4599 ‘nostrae,'
1369 4540 1451 4589 added
1462 4540 1616 4591 ‘deuotionis

256 4608 364 4658 oblatio'
381 4609 408 4657 in
425 4609 468 4658 the
485 4608 590 4672 margin,
609 4607 659 4655 and
677 4605 765 4670 placed
782 4612 936 4670 expunctory
952 4604 1010 4653 dots
1026 4604 1109 4654 below
1125 4604 1168 4654 the
1184 4605 1279 4654 several
1297 4604 1382 4654 letters
1399 4605 1429 4654 os
1445 4605 1571 4656 ‘deuotio'
1590 4607 1616 4656 in

256 4674 300 4724 the
316 4682 378 4724 text.

303 4738 315 4770 ²
331 4740 387 4789 The
399 4738 537 4788 nibrioator
548 4737 593 4787 has
604 4737 678 4786 sailed
690 4747 717 4786 to
727 4737 785 4801 give
797 4751 866 4785 more
878 4734 938 4784 than
949 4733 993 4784 the
1003 4735 1093 4799 simple
1105 4734 1194 4795 initiat,
1209 4747 1236 4793 ι),
1248 4735 1316 4785 here.

304 4803 316 4836 ⁸
333 4808 358 4855 A
372 4805 443 4855 short
458 4803 509 4854 line
524 4804 570 4853 has
583 4804 647 4853 been
663 4803 733 4851 mled
748 4817 764 4850 a
780 4800 844 4850 little
859 4798 942 4849 below
957 4799 1000 4849 the
1015 4801 1116 4849 manual
1128 4817 1196 4850 cross
1207 4801 1233 4849 in
1245 4800 1288 4851 the
1299 4801 1395 4866 margin
1407 4817 1435 4851 as
1446 4800 1542 4878 though
1554 4802 1616 4852 with

256 4870 299 4920 the
316 4870 441 4920 intention
457 4868 488 4919 oi
501 4869 601 4933 nriting
616 4884 632 4917 a
648 4878 716 4917 note.
750 4866 833 4915 luitial
852 4865 902 4915 and
919 4865 1002 4914 nrbn'c
1018 4865 1108 4915 visible
1122 4866 1173 4915 and
1190 4864 1225 4930 (a)
1243 4866 1340 4916 ‘fidelis
1355 4883 1369 4915 a
1417 4866 1462 4916 toli
1477 4882 1515 4916 sui
1532 4879 1614 4917 Pthtt

256 4935 338 5000 angel.
358 4936 420 4986 lucis
437 4936 469 4984 de
487 4932 523 4996 (3)
540 4933 656 4983 stinauit:
679 4947 786 4997 eumque
805 4930 970 4981 carceralibus
989 4931 1099 4980 tenebris
1119 4931 1145 4981 in
1163 4930 1199 4995 (4)
1216 4932 1361 4981 uolutum..
1379 4932 1426 4981 erri
1443 4932 1614 4998 compeditum

257 5002 338 5052 milita
349 5001 385 5064 (5)
395 5036 402 5048 .
411 5035 418 5047 .
426 5001 538 5050 custodi.
549 5036 556 5049 .
566 5007 665 5065 septum
676 4998 768 5047 uirtute
779 4995 885 5060 mira(6)
894 4996 943 5046 bil.
954 5033 960 5044 .
971 5030 978 5044 .
989 4996 1104 5046 absolui
1115 4997 1202 5046 eduxit
1213 5000 1250 5060 (7)
1264 4998 1311 5047 Per
1321 5013 1412 5062 quem.
1423 4997 1489 5048 eius
1500 4998 1616 5063 precibus

257 5067 357 5116 adium:
378 5060 1203 5175 (8l.peccat.nostro.nexibus...({).‚os..les..perquem.’

305 5132 317 5163 ⁴
333 5132 389 5181 The
401 5132 453 5181 first
464 5130 570 5194 syllable
581 5130 611 5179 oi
619 5128 835 5178 ‘eadem’ismar
854 5128 886 5176 ed
898 5126 959 5176 with
970 5142 1002 5175 au
1013 5136 1102 5177 necent
1113 5143 1138 5176 m
1150 5127 1193 5177 the
1205 5127 1262 5177 MS.
