4109 6275
447 780 506 845 ¹54

470 970 615 1029 misen
655 968 744 1025 ΡΗΟ
786 964 1062 1021 renrnrssus

619 1047 917 1109 ufifurtorrs.
1016 1074 1025 1083 -

488 1167 633 1219 neuun
657 1167 809 1218 Domus
834 1168 967 1218 AUREM
990 1167 1099 1218 TUAM

508 1255 560 1304 no
592 1254 728 1305 eneces
759 1254 926 1306 uosrnns
948 1291 955 1305 .
978 1241 1101 1324 quibus

446 1328 705 1392 misericordiam
729 1339 822 1392 tuam
849 1328 1017 1412 supplices
1042 1328 1100 1391 de·

446 1435 619 1499 precamur
643 1438 651 1479 :
674 1424 711 1479 ut
739 1416 869 1478 animas
899 1414 1100 1479 famulorum

445 1510 579 1566 tuorum
607 1515 652 1566 ,rh
681 1550 805 1566 .........
813 1508 821 1541 ¹
851 1522 936 1585 quas
965 1504 1008 1566 de
1038 1502 1102 1565 hoc

445 1588 579 1653 sacculo
610 1589 752 1671 migrare
782 1589 905 1653 iussisti
922 1640 928 1652 .
945 1590 978 1652 in
1009 1590 1102 1672 pacis

446 1696 485 1739 ac
524 1675 606 1739 lucis
644 1677 781 1759 regione
822 1677 1007 1740 constituas
1034 1727 1041 1739 .
1068 1685 1103 1739 et

446 1772 637 1827 sanctorum
655 1773 787 1827 tuorum
805 1764 920 1827 iubeas
935 1784 1008 1827 esse
1023 1783 1102 1826 con·

446 1860 552 1915 sortes
570 1874 576 1914 :
592 1871 658 1933 per.

689 1958 851 2003 stenem.

468 2084 473 2111 r
506 2048 614 2113 nimas
651 2047 850 2113 famulorum
886 2058 1019 2113 tuorum
1055 2063 1101 2112 .Ν,

450 2116 468 2180 s
542 2135 586 2199 ab
620 2137 777 2201 omnibus
811 2137 900 2201 uitiis
934 2136 1102 2201 humanae

447 2222 648 2287 conditionis
659 2224 1102 2307 quaesumusdominehaec

447 2308 602 2374 absoluat
613 2310 756 2374 oblatio.
770 2331 856 2395 quae
869 2312 973 2375 totius
986 2311 1103 2375 mundi

448 2395 525 2460 tulit
542 2397 716 2462 immolata
732 2407 907 2481 peccatum
926 2422 933 2461 ε
949 2419 1015 2482 per.

620 2542 928 2611 teosroommunro.

509 2660 597 2704 nnue
624 2640 720 2704 nobis
746 2641 883 2705 domine
908 2650 945 2705 ut
971 2643 1105 2705 animae

545 2725 745 2791 famulorum
769 2736 901 2792 tuorum
924 2741 969 2792 .N.
992 2729 1105 2793 remis-

450 2814 578 2877 sionem
609 2834 710 2897 quam
742 2836 874 2898 semper
903 2815 1105 2880 obtauerunt

452 2910 641 2965 mereantur
679 2902 848 2985 percipere
881 2902 1106 2968 delictorum:

451 3009 517 3071 per.

550 3139 669 3197 ΙΤΕΜ
703 3137 809 3196 ΑΙ.ΙΑ
843 3134 1005 3194 missa.

454 3256 718 3382 Omnipotens
752 3257 954 3339 sempiterne
993 3258 1106 3321 deus.

547 3343 599 3406 cui
620 3363 791 3426 nunquam
812 3344 884 3407 sine
903 3364 962 3426 spe
983 3343 1107 3408 miseri·

453 3428 586 3493 cordiae
602 3430 808 3512 supplicatur
822 3431 1023 3513 :propitiare
1039 3431 1108 3494 ani-

455 3517 574 3580 mabus
604 3514 804 3581 famulorum
832 3527 964 3582 tuorum
989 3525 1050 3581 .N.²
1073 3527 1109 3582 ut

455 3603 513 3684 qui
544 3602 587 3666 de
617 3603 679 3667 hac
710 3604 779 3667 uita
810 3603 843 3667 in
878 3605 927 3668 tui
965 3605 1109 3668 nominis

455 3688 662 3754 consessione
677 3691 907 3756 decesserunt.
917 3703 1108 3757 sanctorum

456 3787 588 3841 tuorum
613 3797 751 3842 numero
779 3778 881 3843 facias
908 3779 1110 3863 aggregari:

501 3885 522 3928 i'.

457 3883 497 3948 pe
703 3977 866 4023 SECHETA.

780 779 889 829 iussa
913 777 984 829 PRO
1008 775 1218 827 FRATRIBUS
1241 772 1465 824 DEFUNC'HS.

1149 954 1183 1017 in
1214 951 1327 1016 hrtura
1355 952 1427 1016 uita
1454 950 1504 1014 eis
1535 954 1604 1012 ....⁴
1632 945 1806 1011 retributio

1149 1040 1468 1121 condoneturzper.

1326 1196 1624 1245 postcommum

1156 1292 1320 1421 praesta
1354 1300 1559 1365 quaesumus
1593 1278 1807 1359 omnipotens

1231 1369 1345 1432 deus.
1368 1379 1405 1432 ut
1440 1368 1571 1431 animas
1605 1364 1805 1429 famulorum

1151 1467 1286 1519 tuorum
1309 1462 1369 1520 .Νέ
1389 1457 1434 1519 ab
1463 1454 1594 1537 angelis
1623 1454 1706 1517 lucis
1735 1472 1807 1515 sus·

1151 1552 1267 1626 ceptas
1289 1594 1297 1608 .
1320 1545 1354 1606 in
1388 1552 1586 1626 praeparata
1615 1539 1807 1603 habitacula

1151 1631 1274 1694 deduci
1289 1629 1393 1694 iacias
1408 1630 1585 1693 beatorum
1601 1651 1609 1691 ε
1624 1648 1690 1710 per.

1153 1827 1244 1887 PRO
1288 1827 1569 1886 Defuncrrs
1613 1824 1805 1883 ΡΗΑΤΒΙ-

1153 1910 1242 1969 BUS
1269 1906 1805 2052 NOSTTR'gz'OSPNGREGh·

1153 2113 1165 2183 ΙΙ
1242 2125 1311 2175 rsus
1353 2125 1500 2175 usurae
1542 2123 1733 2174 canonos
1773 2116 1807 2171 et

1263 2199 1432 2262 humanae
1483 2197 1600 2262 salutis
1653 2207 1769 2260 auctor
1802 2219 1810 2258 :

1153 2306 1356 2369 quaesumus
1386 2286 1599 2349 clementiam
1630 2296 1723 2348 tuam
1744 2335 1750 2345 .
1772 2294 1809 2345 ut

1154 2384 1288 2438 nostrae
1313 2374 1581 2456 congregationis
1607 2373 1725 2436 iratres
1751 2371 1809 2453 qui

1154 2481 1199 2523 ex
1223 2461 1287 2524 hoc
1309 2461 1442 2525 saeculo
1469 2461 1693 2525 transierunt.
1710 2460 1811 2523 beata

1156 2562 1279 2612 MARIA
1294 2568 1426 2630 semper
1441 2548 1570 2630 uirgine
1583 2547 1810 2611 intercedente

1155 2656 1231 2700 cum
1247 2636 1403 2699 omnibus
1422 2637 1547 2699 sanctis
1567 2637 1656 2699 tuis.
1672 2634 1714 2697 ad
1736 2653 1811 2717 per·

1156 2732 1278 2805 petuae
1289 2723 1509 2787 beatitudinis
1520 2724 1724 2787 consortium
1737 2741 1810 2804 per·

1157 2810 1269 2873 uenire
1285 2812 1473 2874 concedas.
1490 2832 1556 2893 per.

1403 2956 1566 3004 SECRETA.

1232 3046 1408 3109 eusenius
1421 3044 1665 3108 misericordiae
1681 3065 1748 3109 non
1761 3055 1813 3108 est

1253 3153 1411 3197 numerus
1441 3181 1448 3196 .
1479 3133 1611 3216 suscipe
1648 3133 1812 3217 propitius

1157 3240 1273 3303 preces
1291 3220 1490 3283 humilitatis
1511 3231 1667 3284 nostrae.
1685 3232 1719 3286 et
1741 3222 1812 3284 ani-

1159 3309 1277 3371 mabus
1322 3306 1460 3370 fratrum
1502 3317 1635 3371 nostrae
1675 3330 1813 3393 congre·

1159 3395 1303 3478 gationis
1319 3395 1441 3476 quibus
1457 3397 1505 3458 tui
1525 3397 1669 3459 nominis
1690 3397 1812 3461 dedisti

1158 3481 1400 3545 consessionem
1413 3532 1419 3544 .
1433 3502 1492 3564 per
1507 3483 1589 3545 haec
1604 3494 1813 3548 sacramenta

1159 3569 1275 3632 salutis
1298 3580 1432 3632 nostrae
1454 3580 1649 3634 cunctorum
1672 3571 1813 3635 remissi-

1159 3676 1258 3720 onem
1274 3657 1403 3719 tribuae
1419 3669 1632 3740 peccatorum
1650 3680 1657 3720 :
1674 3679 1738 3741 per.

1338 3803 1635 3853 postcommuio.

1168 3892 1331 4021 Praesta
1379 3904 1580 3966 quaesumus
1629 3888 1815 3951 misericors

1244 3973 1326 4035 deus
1347 3996 1354 4034 :
1375 3981 1410 4034 ut
1441 3972 1573 4036 animae
1603 3995 1664 4057 pro
1694 3976 1816 4058 quibus

467 4056 674 4190 propitiare
722 4077 924 4141 quaesumus
975 4059 1111 4121 domine
1161 4059 1224 4122 hoc
1245 4058 1442 4122 sacrificium
1464 4059 1572 4122 laudis
1594 4072 1672 4126 tuae
1692 4063 1815 4126 obtuli·

539 4144 716 4209 animabus
746 4142 946 4208 famuiorum
976 4154 1110 4208 tuorum
1163 4166 1237 4209 mus
1253 4146 1419 4209 maiestati
1436 4196 1442 4208 .
1459 4167 1519 4229 per
1539 4147 1636 4212 huius
1657 4150 1816 4215 uirtutem

458 4237 516 4296 .N.⁸
546 4251 605 4315 pro
635 4232 756 4314 quibus
786 4231 845 4295 tibi
880 4230 1006 4295 hostias
1039 4231 1111 4315 pla·
1162 4233 1361 4296 sacramenti
1377 4255 1397 4296 a
1415 4235 1561 4315 peccatis
1579 4238 1736 4301 omnibus
1756 4260 1817 4301 ex·

458 4317 600 4381 cationis
622 4316 792 4382 offerimus
809 4368 815 4381 .
832 4328 865 4382 et
888 4319 966 4401 quia
990 4319 1022 4381 in
1048 4317 1111 4382 hac
1162 4320 1384 4402 piatae.lucis
1397 4334 1579 4403 perpetuae
1591 4333 1624 4387 te
1637 4325 1817 4389 miserante

459 4402 531 4468 tuce
555 4405 588 4468 in
613 4403 678 4469 fide
702 4415 895 4469 manserunt
922 4405 1111 4469 catholica.
1162 4408 1324 4490 recipiant
1341 4408 1583 4473 beatitudinem
1602 4431 1609 4474 ε
1626 4432 1693 4494 per.

712 4541 716 4604 Ι
729 4541 771 4592 ror.
789 4542 831 4606 167
841 4559 864 4592 u.
1421 4549 1431 4603 ΙΙ
1443 4544 1486 4594 sol.
1505 4545 1558 4596 168.

484 4709 519 4828 m:
536 4713 641 4827 Errasure
658 4712 683 4762 in
705 4713 761 4766 MS.
778 4721 804 4764 ut
822 4713 959 4780 beginning
978 4715 1008 4764 or
1025 4715 1069 4780 1⁶7
1092 4713 1153 4779 (14).
1188 4715 1243 4765 The
1263 4717 1391 4766 cancelled
1411 4717 1480 4766 word
1498 4734 1579 4768 seems
1599 4728 1626 4768 to
1648 4718 1712 4770 have
1735 4721 1819 4786 begun

459 4792 480 4826 w
537 4781 543 4804 ⁴
563 4776 579 4826 .'

508 4841 518 4874 ⁸
537 4843 605 4894 hiere
615 4857 630 4892 a
642 4843 786 4894 oetchmerk
798 4844 824 4895 in
835 4844 879 4896 the
891 4845 1028 4910 MS.—167
1037 4862 1060 4895 v.
1076 4841 1230 4911 (7)-points
1246 4854 1273 4896 to
1283 4862 1299 4895 a
1310 4855 1369 4897 note
1380 4848 1406 4897 in
1417 4848 1460 4898 the
1471 4859 1544 4899 omer
1554 4850 1659 4914 margin.
1671 4851 1706 4916 by
1716 4853 1822 4901 another

459 4905 535 4966 hand,
547 4909 595 4960 end
606 4909 632 4958 in
641 4908 710 4961 three
718 4910 786 4960 short
799 4910 862 4960 lines
869 4913 919 4960 :-‘
927 4910 1029 4960 fratrum
1040 4926 1166 4961 sororum
1178 4921 1308 4976 parentum
1317 4947 1323 4959 .
1331 4921 1356 4963 et
1368 4913 1480 4963 omnium
1491 4914 1676 4965 benefactorum
1688 4917 1821 4967 meorum!

509 4970 520 5002 ⁸
539 4973 606 5024 Here
618 4973 771 5040 again-167
779 4991 803 5027 v.
818 4976 1215 5038 (12)-—isthesameearchmark
1227 4993 1255 5026 as
1265 4985 1290 5026 at
1304 4991 1326 5039 7.

509 5035 520 5070 ⁴
536 5039 642 5090 Emeum
653 5056 686 5089 on
702 5039 779 5102 1672».
793 5039 844 5104 (rs)
856 5041 919 5091 aiter
932 5041 1003 5091 ‘eis'
1036 5042 1129 5091 Traces
1139 5041 1169 5092 oi
1177 5043 1220 5092 the
1231 5043 1300 5092 word
1315 5043 1388 5108 ‘piru’

509 5103 519 5136 ⁸
536 5104 592 5156 The
602 5121 671 5156 saure
682 5106 825 5156 cuehmark
837 5106 975 5170 here-161
986 5123 1010 5157 v.
1023 5107 1137 5171 tut-⁸³
1147 5117 1173 5158 ar
1186 5122 1199 5171 7
1211 5109 1262 5158 and
1276 5123 1313 5159 rr.
