4109 6275
844 797 915 849 PRO
939 797 1048 849 REGE.

261 974 323 1038 tibi
354 975 461 1057 plebis
492 974 681 1057 suscipere.
698 986 735 1039 ut
762 995 831 1055 pax
859 984 917 1039 tua

263 1062 389 1144 pietate
433 1082 593 1126 concessa
622 1112 629 1125 .
660 1062 916 1126 christianorum

263 1148 345 1213 fines
380 1149 425 1212 ab
458 1150 551 1213 omni
586 1150 683 1213 hoste
714 1149 814 1213 saciat
844 1170 917 1213 esse

262 1257 395 1301 securos
411 1260 419 1300 ε
434 1257 501 1320 per.

436 1374 735 1423 postcommunio.

267 1476 404 1603 DEUS
434 1472 549 1526 auctor
580 1464 671 1545 pacis
701 1473 735 1526 et
765 1473 917 1526 amator.

359 1570 458 1632 quem
491 1570 590 1614 nosse
620 1551 754 1614 uiuere.
772 1550 824 1613 cui
851 1569 917 1612 ser-

265 1638 333 1700 uire
360 1657 499 1719 regnare
526 1646 577 1701 est
596 1647 759 1720 :protege
781 1638 824 1700 ab
847 1657 918 1699 om-

264 1725 360 1788 nibus
399 1724 709 1808 impugnationibus
751 1723 919 1807 supplices

264 1820 359 1875 tuos.
372 1822 409 1875 ut
427 1812 484 1894 qui
507 1813 539 1875 in
557 1811 751 1876 defensione
766 1822 824 1875 tua
840 1832 918 1873 con·

264 1897 425 1963 fidimus.
447 1899 569 1963 nullius
602 1900 795 1964 hostilitatis
826 1918 919 1962 arma

264 1987 442 2051 timeamus
460 2010 467 2050 :
483 2007 550 2069 per.

459 2157 550 2229 eno
583 2125 725 2227 neoej

517 2290 656 2338 ΟΗΑΤΙΟ.

340 2394 799 2446 UAESUMUSOMNIPOTENS
810 2394 921 2447 Deus:

264 2394 331 2569 Q
362 2479 399 2532 ut
415 2469 558 2533 famulus
575 2478 652 2533 tuus
668 2481 713 2532 .N.
731 2472 791 2532 re'x
807 2479 921 2532 noster

265 2578 320 2640 qur
343 2567 401 2621 tua
423 2557 635 2620 miseratione
658 2557 805 2639 suscepit
827 2556 919 2640 regni

265 2645 513 2728 gubernacula.
531 2645 691 2707 uirtutum
719 2644 821 2707 etiam
849 2664 920 2707 om·

267 2733 357 2795 nium
375 2731 538 2815 percipiat
553 2731 759 2795 incrementa
775 2780 782 2794 .
798 2731 920 2814 quibus

265 2821 423 2884 decenter
437 2828 575 2882 umatus
590 2829 625 2882 et
645 2820 802 2882 uitiorum
824 2838 921 2882 uora-

266 2907 378 2989 ginem
395 2907 592 2970 deuitareet
602 2907 733 2969 hostem
747 2926 920 2988 superare.

266 2996 356 3057 etad
374 3003 409 3057 te
423 2994 481 3076 qui
498 2995 552 3057 uia
574 2994 696 3057 ueritas
715 3003 749 3058 et
771 2994 840 3056 uita
861 3014 920 3057 es.

266 3083 431 3165 gratiosus
447 3080 557 3147 ualeat
573 3080 746 3163 peruenire
765 3104 772 3145 :
788 3101 853 3164 per.

511 3229 676 3277 SEORETA.

267 3311 473 3444 {Munera
499 3310 635 3374 domine
659 3310 774 3375 oblata
798 3310 920 3374 sancti-

393 3396 478 3461 fica.
498 3407 535 3460 ut
565 3407 599 3462 et
630 3398 726 3460 uobis
757 3396 919 3479 unigeniti

268 3486 315 3549 tui
331 3505 452 3568 corpus
468 3494 502 3548 et
522 3485 658 3567 sanguis
678 3483 759 3548 fiant
774 3534 781 3547 .
798 3495 832 3548 et
851 3485 920 3566 regi

268 3582 383 3636 nostro
405 3586 453 3636 .N.
474 3573 517 3635 ad
541 3572 761 3654 optinendam
788 3572 922 3634 animae

267 3660 480 3743 corporisque
510 3659 652 3723 salutern
669 3709 675 3722 .
692 3668 726 3723 et
756 3660 798 3722 ad
827 3679 920 3741 pera-

266 3748 414 3830 gendum
445 3747 507 3809 sibi
539 3747 724 3810 iniunctum
751 3745 921 3809 officium.

267 3843 301 3897 te
348 3835 509 3917 largiente
558 3854 797 3916 usquequaque
846 3854 921 3916 pro·

269 3920 382 3985 ficiant
405 3972 412 3986 .
435 3942 502 4003 per.

445 4061 742 4110 POSTGOMMUNlO.

350 4166 408 4210 aec
439 4145 576 4208 domine
606 4144 799 4207 communio
835 4143 922 4207 salu·

372 4233 452 4297 taris
487 4231 651 4295 famulum
683 4240 777 4294 tuum
810 4251 921 4312 regem

269 4330 418 4385 nostrum
450 4332 496 4382 .N.
526 4319 570 4382 ab
599 4318 755 4381 omnibus
791 4327 923 4381 tueatur

268 4409 417 4472 aduersis
427 4458 434 4471 .
444 4406 601 4489 quatinus
613 4414 647 4468 et
658 4405 923 4469 aecclesiasticae

268 4496 360 4578 pacis
390 4494 542 4558 obtineat
572 4492 848 4575 tranquillitatem
865 4542 873 4556 .
889 4502 923 4555 et

269 4591 346 4666 post
368 4582 461 4646 istius
481 4581 642 4663 temporis
662 4581 861 4644 decursum.
879 4581 922 4643 ad

269 4679 439 4734 aeternam
470 4669 642 4750 perueniat
676 4667 923 4731 hereditatem:

271 4756 354 4841 per¹.

520 4856 582 4916 llol.
597 4872 676 4920 15411.

1127 976 1218 1038 PRO
1248 977 1454 1038 ΑΒΒΑΤΕ.

1221 1114 1361 1164 ΟΗΑΤΙΟ.

1032 1215 1159 1277 oucede
1223 1235 1425 1297 quaesumus
1488 1214 1625 1277 domine

1055 1301 1181 1365 famulo
1207 1310 1266 1365 tuo
1293 1301 1408 1365 abbati
1433 1311 1569 1364 nostro,
1586 1310 1624 1365 ut

970 1388 1196 1471 praedicando
1239 1398 1273 1453 et
1310 1389 1500 1452 exercendo
1537 1408 1624 1470 quae

969 1486 1061 1539 recta
1081 1486 1158 1538 sunt
1180 1476 1341 1558 exemplo
1362 1478 1525 1539 bonorum
1545 1497 1624 1561 ope-

970 1583 1042 1625 rum
1067 1563 1197 1626 animas
1219 1584 1354 1626 suorum
1379 1565 1521 1627 instruat
1547 1562 1624 1626 sub-

969 1650 1114 1713 ditorum
1132 1700 1139 1714 .
1156 1659 1189 1713 et
1225 1661 1379 1714 aeternae
1410 1651 1625 1715 remunerati-

969 1737 1044 1800 onis
1067 1738 1254 1801 mercedem
1278 1748 1354 1801 ate
1378 1738 1527 1821 piissimo
1550 1758 1626 1820 pas·

970 1832 1042 1888 tore
1058 1824 1220 1907 percipiat
1239 1849 1245 1888 :
1261 1846 1320 1908 per
1335 1826 1520 1889 dominum.

1209 1994 1374 2043 secam

1061 2106 1164 2149 unera
1195 2095 1308 2150 nostra
1338 2104 1540 2168 quaesumus
1567 2086 1626 2149 do·

1083 2174 1172 2236 mine
1209 2173 1340 2255 suscipe
1378 2172 1531 2256 placatus
1557 2223 1563 2236 .
1591 2181 1625 2236 et

972 2259 1134 2323 famulum
1164 2271 1259 2323 tuum
1288 2260 1445 2323 abbatem
1473 2270 1624 2323 nostrum

971 2360 1017 2411 .N.
1048 2349 1358 2430 commisllsumque
1391 2348 1454 2411 sibi
1489 2368 1624 2432 gregem

972 2434 1137 2517 benignus
1155 2455 1288 2518 semper
1305 2446 1339 2498 et
1358 2435 1480 2518 ubique
1500 2435 1625 2498 miseri-

971 2524 1116 2586 corditer
1131 2532 1270 2606 protege
1289 2546 1296 2585 ε
1312 2543 1379 2604 per.

1147 2686 1445 2736 postcommunio

1053 2802 1112 2845 aec
1155 2804 1215 2846 nos
1256 2783 1449 2846 communio
1489 2783 1626 2846 domine

1076 2880 1197 2954 purget
1208 2892 1228 2933 a
1244 2871 1381 2933 crimine
1393 2920 1399 2932 .
1412 2879 1446 2933 et
1463 2868 1625 2932 famulum

971 2965 1067 3020 tuum
1099 2958 1256 3021 abbatem
1289 2966 1439 3020 nostrum
1470 2957 1625 3020 commis-

971 3064 1114 3126 sumque
1140 3045 1203 3108 sibi
1227 3064 1363 3127 gregem
1390 3044 1535 3127 benigna
1557 3045 1627 3128 pie-

972 3141 1042 3195 tate
1065 3153 1249 3197 conserua:
1266 3154 1332 3215 per.

1013 3368 1105 3429 PRO
1137 3364 1583 3426 ΟΟΝΟΒΕΘΑΤΙΟΝΕ.

1009 3489 1186 3553 *amiliam
1223 3489 1321 3551 huius
1356 3488 1439 3549 sacri
1475 3487 1627 3550 caenobii

1060 3596 1262 3660 quaesumus
1290 3575 1443 3637 domine
1488 3575 1627 3637 interce-

972 3666 1075 3729 dente
1104 3664 1204 3728 beata
1233 3663 1287 3726 dei
1317 3662 1478 3744 genitrice
1506 3675 1627 3725 MARIA

972 3772 1049 3814 cum
1062 3750 1218 3814 omnibus
1230 3751 1356 3814 sanctis
1371 3799 1378 3813 .
1391 3799 1398 3814 .
1410 3798 1418 3812 .
1431 3749 1454 3813 ‚²
1465 3760 1627 3832 perpetuo

972 3840 1123 3921 guberna
1135 3838 1363 3901 moderamine
1374 3885 1381 3899 .
1392 3846 1427 3899 ut
1440 3837 1521 3899 assit
1532 3836 1629 3899 nobis

973 3936 1006 3989 et
1038 3928 1070 3987 in
1102 3925 1279 3987 securitate
1309 3923 1461 3987 cautela.
1478 3931 1512 3986 et
1543 3924 1629 3986 inter

973 4033 1092 4096 aspera
1108 4011 1269 4075 fortitudo
1286 4035 1293 4072 z
1309 4031 1368 4093 per
1383 4010 1536 4074 eundem.

1216 4174 1380 4223 secuerit.

1048 4274 1158 4357 espice
1188 4272 1325 4337 domine
1355 4289 1557 4353 quaesumus
1584 4272 1627 4335 ad

1069 4361 1214 4426 hostiam
1231 4368 1365 4422 nostrae
1381 4358 1550 4421 seruitutis
1568 4366 1628 4420 tuo

975 4449 1168 4530 conspectui
1199 4446 1466 4510 immolandam.
1488 4453 1525 4506 ut
1556 4465 1629 4526 pro

975 4536 1127 4599 fessionis
1150 4543 1286 4597 sanctae
1309 4534 1517 4616 propositum
1537 4533 1628 4613 quod

975 4632 1009 4687 te
1025 4622 1209 4706 inspirante
1224 4620 1429 4704 suscepimus
1442 4669 1449 4683 .
1462 4629 1495 4684 te
1509 4619 1629 4703 guber-

976 4722 1078 4774 nante
1093 4709 1322 4774 custodiamus
1341 4731 1348 4770 :
1363 4728 1429 4791 per.

1236 4853 1303 4913 niol.
1318 4869 1373 4918 ¹55·

319 5010 328 5042 ¹
345 5010 469 5125 OBposite
485 5008 535 5084 line
553 5024 581 5058 ια
598 5009 619 5058 is
633 5024 649 5057 a
663 5010 774 5086 scarcely
785 5008 993 5074 distinguishable
1006 5016 1074 5057 note.
1110 5007 1180 5056 With
1192 5023 1262 5057 some
1273 5004 1407 5055 diffidence
1419 5004 1431 5054 1
1445 5005 1516 5054 think
1529 5005 1548 5054 it
1560 5013 1587 5054 to
1598 5006 1631 5055 be

273 5077 354 5128 ‘Item
394 5090 556 5125 eusmcurus
568 5090 662 5123 manu.
679 5072 1060 5139 Require..tine[orfiuem].’
1094 5071 1196 5126 seetot.
1214 5085 1291 5136 inv.

320 5140 331 5172 ²
347 5143 440 5190 Traces
451 5139 481 5187 oi
488 5139 575 5189 erased
590 5139 668 5188 ‘tuis'
680 5140 743 5189 atter
757 5139 884 5190 ‘sanctis’
