4109 6275
459 789 570 838 FERIA
593 790 771 843 SECUNDA
795 794 884 844 POST
908 794 997 845 DOM.
1022 797 1064 846 IN
1089 798 1268 848 PASSIONE
1291 798 1441 849 DOMINI.
1589 797 1629 862 33

449 965 747 1016 postcommunio,

342 1064 440 1128 desto
452 1064 549 1128 nobis
558 1067 696 1131 domine
705 1068 788 1131 deus
798 1077 925 1132 noster:

370 1162 405 1214 et
427 1172 511 1234 quos
537 1154 605 1216 tuis
628 1155 797 1238 mysteriis
821 1176 925 1220 recre-

269 1238 332 1301 asti
349 1288 356 1301 .
371 1239 541 1322 perpetuis
562 1239 706 1305 defende
727 1242 923 1325 praesidiis.

268 1345 335 1407 per.

487 1470 704 1532 ΡΕΗΙΑΛΙ.

376 1585 405 1641 N.
447 1589 583 1647 Miserere
602 1592 670 1647 mihi
689 1593 813 1649 domme.

517 1727 671 1779 ounrlo¹.

269 1808 536 1948 lsnucrnucn
570 1828 720 1879 nonum
757 1828 923 1893 Qunusu-

351 1914 428 1965 MUS
441 1915 589 1966 NOSTRA
600 1916 768 1967 IEIUNIA.
779 1913 812 1967 et
824 1922 923 1966 cunc-

268 1995 376 2050 tarum
394 1989 490 2052 nobis
502 1988 746 2072 indulgentiam
758 1989 923 2074 propitius

269 2072 387 2156 largire
403 2076 575 2159 culparum
592 2126 599 2141 .
616 2098 682 2161 per.

511 2220 674 2270 secum.

267 2308 458 2440 Concede
479 2310 576 2374 nobis
595 2310 732 2373 domine
747 2310 830 2374 deus
847 2332 922 2375 nos-

352 2406 420 2460 ter:
447 2406 484 2460 ut
507 2396 590 2461 haec
612 2397 722 2461 hostia
745 2398 921 2462 salutaris.

267 2492 300 2546 et
328 2493 515 2548 nostrorum
547 2484 606 2548 fiat
636 2484 791 2567 purgatio
821 2486 922 2550 delic-

267 2579 376 2634 torum
393 2620 400 2636 .
416 2582 450 2636 et
477 2582 555 2637 tuae
581 2572 776 2655 propitiatio
803 2574 922 2638 maies-

267 2658 368 2721 tatis,
385 2680 451 2741 per.

433 2807 743 2857 POSTCOMMUNlOl.

264 2893 500 3028 Sacramenti
513 2895 561 2958 tui
572 2916 776 2978 quaesumus
784 2896 921 2961 domine

339 2980 551 3065 participatio
577 2982 753 3047 salutaris.
771 2994 805 3048 et
832 2985 920 3067 puri-

268 3067 457 3133 ficationem
484 3069 581 3133 nobis
608 3072 766 3154 praebeat
792 3081 826 3136 et
853 3093 920 3137 me·

266 3158 395 3221 delam:
420 3178 487 3241 per.

429 3307 537 3356 sueth
566 3308 742 3358 poputum.

268 3402 359 3529 Da
389 3417 590 3478 quaesumus
624 3397 759 3461 domine
795 3399 919 3481 populo

361 3492 421 3545 tuo
453 3483 594 3548 salutem
626 3486 748 3549 mentis
781 3496 815 3548 et
848 3507 919 3550 cor·

267 3571 384 3649 poris.
409 3580 444 3634 ut
476 3571 572 3634 bonis
607 3571 764 3654 operibus
799 3573 920 3655 iugiter

267 3655 475 3721 inherendo.
500 3667 558 3721 tua
589 3679 721 3740 semper
755 3671 920 3725 mereatur

266 3745 471 3826 protectione
486 3744 620 3809 defendi
636 3796 642 3809 .
660 3767 726 3829 per.

467 3948 701 4010 ΡΕΗΙΑΛΙΙ.

331 4062 361 4119 Ᾰ.
410 4072 536 4141 Expecta
554 4071 701 4125 dominum
720 4070 845 4126 uiriliter.

513 4191 653 4240 ΟΗΑΤΙΟ.

346 4294 466 4344 OSTRA
499 4294 575 4343 TIBI
613 4293 764 4344 DOMINE
799 4294 917 4357 QUAE·

368 4381 494 4431 SUMUS
517 4368 585 4430 sint
608 4378 746 4450 accepta
772 4369 917 4432 ieiunia.

263 4475 349 4536 quae
380 4474 441 4517 nos
466 4464 500 4518 et
526 4454 698 4536 expiando
724 4456 833 4538 gratia
860 4467 917 4519 tua

263 4542 383 4623 dignos
420 4540 594 4605 efficiant.
619 4551 652 4605 et
690 4543 732 4606 ad
771 4543 917 4606 remedia

263 4629 447 4710 perducant
464 4641 621 4693 aeterna.
638 4650 703 4713 per.

520 4766 579 4826 llol.
595 4782 622 4827 ‚3¹
635 4782 658 4814 v.

1224 998 1388 1049 secum.

1058 1082 1162 1145 ostias
1191 1082 1253 1146 tibi
1284 1081 1420 1146 domine
1449 1078 1636 1144 deserimus·

1081 1170 1337 1233 immolandas.
1368 1188 1455 1251 quae
1498 1175 1629 1248 tempo

975 1255 1079 1320 talem
1116 1257 1381 1321 consolationem
1416 1252 1630 1338 significant.

975 1352 1012 1407 ut
1024 1344 1188 1426 promissa
1200 1345 1321 1409 certius
1334 1363 1401 1406 non
1413 1343 1630 1424 desperemus

973 1441 1109 1495 aeterna
1125 1481 1131 1495 .
1141 1438 1223 1514 pert

1152 1596 1451 1648 postcommunio.

980 1701 1069 1828 Da
1082 1713 1285 1777 quaesumus
1301 1692 1514 1774 omnipotens
1526 1691 1627 1754 deus.

1069 1788 1107 1843 ut
1136 1801 1222 1863 quae
1251 1780 1366 1845 diuma
1396 1788 1474 1843 sunt
1508 1778 1630 1861 iugiter

974 1863 1327 1950 llexequentesdonis
1348 1886 1535 1931 mereamur
1553 1885 1627 1929 cae·

974 1953 1112 2019 lestibus
1127 1955 1352 2039 propinquare
1368 2005 1374 2019 .
1391 1974 1458 2038 per.

1141 2119 1249 2168 sueth
1277 2122 1455 2172 poputum.

977 2219 1067 2346 Da
1110 2219 1206 2283 nobis
1248 2237 1449 2302 quaesumus
1491 2216 1628 2281 domine

1069 2316 1337 2388 perseuerantem
1365 2304 1398 2367 in
1425 2315 1484 2368 tua
1510 2302 1627 2367 uolun-

973 2402 1044 2457 tate
1064 2392 1262 2459 iamulatum
1279 2443 1287 2458 .
1303 2402 1339 2456 ut
1361 2391 1393 2455 in
1417 2390 1535 2455 diebus
1550 2409 1626 2453 nos-

972 2480 1032 2542 tris
1058 2490 1091 2544 et
1116 2482 1234 2545 merito
1257 2490 1292 2544 et
1315 2499 1455 2544 numero
1481 2475 1627 2560 populus

972 2567 1033 2630 tibi
1049 2570 1197 2633 seruiens
1213 2577 1375 2651 augeatur
1390 2615 1397 2630 .
1414 2585 1481 2648 per.

1171 2786 1425 2850 ΡΕΒΙΑΛΙΙΙ.

1107 2935 1136 2992 Ᾰ.
1180 2942 1326 2996 Liberator
1344 2956 1423 2994 meus
1442 2938 1485 2992 de.

1224 3103 1364 3157 ORATlO.

1023 3205 1279 3256 ANCTIFICATO
1339 3204 1415 3254 HOC

1046 3293 1142 3343 naus
1157 3292 1318 3342 ruouuu
1335 3291 1460 3342 counn
1477 3274 1623 3341 fidelium

972 3369 1147 3431 miserator
1180 3366 1380 3430 illustra‚et
1412 3364 1534 3449 quibus
1567 3364 1625 3426 de·

971 3455 1117 3519 uotionis
1152 3463 1281 3537 prestas
1311 3451 1469 3517 affectum
1492 3500 1499 3514 .
1523 3450 1625 3533 prebe

969 3542 1235 3625 supplicantibus
1258 3542 1350 3623 pium
1377 3540 1541 3622 benignus
1567 3558 1624 3600 au·

969 3629 1077 3692 ditum
1095 3679 1102 3693 .
1118 3651 1184 3712 per.

1210 3754 1374 3804 secum.

1475 3201 1626 3253 IEIUNIO

976 3858 1133 3987 Annue
1144 3851 1328 3915 misericors
1338 3849 1438 3912 deus.
1450 3857 1486 3911 ut
1498 3847 1624 3911 hostias

1066 3937 1264 4019 placationis
1290 3947 1323 4000 et
1349 3935 1457 3999 laudis
1472 3984 1479 3998 .
1494 3934 1624 3998 sincero

970 4024 1030 4087 tibi
1046 4024 1236 4088 deseramus
1251 4023 1413 4106 obsequio
1428 4071 1435 4086 .
1451 4042 1519 4105 per.

1140 4183 1437 4234 postcommunio.

1032 4285 1165 4348 aelestis
1187 4284 1267 4347 doni
1294 4283 1525 4348 benedictione
1548 4304 1621 4366 per·

1013 4369 1015 4372 ⁴
1054 4382 1151 4455 cepta
1165 4422 1171 4434 .
1184 4372 1352 4454 supplices
1368 4382 1401 4434 te
1417 4372 1499 4435 deus
1514 4371 1620 4434 omni-

968 4469 1089 4542 potens
1114 4460 1352 4541 deprecamur:
1384 4468 1419 4522 ut
1446 4459 1508 4522 hoc
1532 4458 1620 4522 idem

969 4547 1065 4610 nobis
1091 4557 1125 4609 et
1154 4547 1353 4610 sacramenti
1383 4567 1484 4611 causa
1514 4548 1557 4610 sit
1587 4557 1621 4611 et

966 4633 1106 4698 salutis.
1123 4655 1188 4717 per.

1233 4770 1243 4823 ΙΙ
1255 4763 1298 4813 rol.
1314 4781 1352 4829 3²·

310 4937 318 4969 ¹
337 4940 368 4988 ln
385 4941 428 4989 the
445 4940 502 4991 MS.
518 4941 568 4990 this
583 4940 666 4990 rubric
682 4941 732 4989 and
749 4941 792 4990 tbe
809 4940 992 5006 antiphonarial
1010 4940 1147 4991 indication
1165 4959 1206 4992 are
1224 4944 1297 4993 made
1314 4951 1340 4993 to
1357 4942 1453 5010 change
1469 4944 1561 5010 places,
1578 4945 1620 4996 the

261 5004 343 5054 rubric
355 5005 430 5081 being
442 5021 474 5054 on
487 5019 515 5065 31
531 5008 582 5068 (πο)
595 5006 645 5055 and
658 5007 700 5056 the
711 5006 847 5056 indication
859 5023 892 5057 on
904 5023 933 5071 3¹
942 5023 967 5056 v.
981 5006 1024 5070 (r),
1039 5015 1066 5057 at
1077 5007 1120 5057 tbe
1131 5008 1179 5057 end
1191 5008 1221 5058 ol
1229 5009 1272 5059 the
1283 5010 1341 5059 line.

309 5067 321 5100 ²
336 5071 458 5146 Supplred
471 5071 503 5134 by
515 5071 557 5121 the
569 5081 668 5135 present
679 5070 769 5132 editor,
782 5072 808 5121 in
821 5072 890 5138 place
901 5072 930 5122 ol
938 5088 970 5121 an
981 5073 1069 5122 erased
1081 5073 1172 5123 rubric.

309 5133 320 5166 ⁸
335 5136 398 5185 This
412 5134 486 5201 ‘per'
497 5137 518 5186 is
529 5136 637 5186 inserted
649 5154 709 5187 over
720 5138 762 5188 the
774 5138 886 5201 line-31
898 5154 921 5187 u.
934 5139 1064 5203 (ιω-1η,
1080 5138 1092 5187 I
1105 5139 1187 5198 think,
1202 5140 1244 5189 the
1256 5141 1377 5206 principiul
1390 5142 1489 5192 reviser.

349 5252 387 5301 Μ.
404 5251 436 5301 R.

1514 5257 1529 5323 5
