4109 6275
951 795 1413 848 SANCTORUM
1464 798 1678 848 PRIMI
1730 799 1822 848 ET
1868 798 2254 850 FELICIANI
2307 802 2754 855 MARTYRUM.
3129 808 3205 872 91

978 984 1149 1033 SECR
1162 986 1305 1035 ΕΤΑ.

503 1061 826 1193 Hostia
868 1062 1034 1126 haec
1075 1082 1484 1146 quaesumus
1526 1065 1800 1129 domine

696 1168 901 1230 quam
965 1149 1032 1212 in
1091 1160 1474 1214 sanctorum
1531 1160 1799 1216 tuorum

491 1246 960 1299 MARCELLINI
1034 1246 1102 1299 et
1176 1251 1396 1300 PETRI
1472 1238 1801 1303 nataliciis

493 1332 910 1386 recensentes
980 1322 1324 1387 offerimus
1357 1372 1371 1387 .
1405 1335 1473 1389 et
1536 1326 1803 1390 uincula

494 1417 757 1472 nostrae
788 1411 1141 1491 prauitatis
1174 1411 1482 1475 absoluat
1508 1462 1520 1475 .
1546 1423 1613 1477 et
1646 1424 1802 1477 tuae

492 1495 686 1558 nobis
719 1497 1210 1561 misericordiae
1240 1500 1421 1561 dona
1452 1501 1762 1565 conciliet
1788 1525 1801 1564 ε

542 1602 627 1644 er.

493 1602 539 1663 p
842 1678 1438 1726 ΡΟΞΤΟΟΜΜΗΝΙΟ.

488 1766 752 1896 Sacro
795 1790 1068 1834 munere
1110 1771 1335 1834 satiati
1369 1772 1704 1855 supplices
1736 1783 1801 1837 te

638 1857 912 1919 domine
971 1858 1450 1940 deprecamur.
1486 1870 1559 1923 ut
1619 1861 1799 1941 quod

491 1943 761 2006 debitae
820 1946 1160 2009 seruitutis
1220 1945 1634 2010 celebramus
1703 1947 1800 2010 os-

492 2027 643 2093 ficio
678 2078 692 2093 .
730 2032 1298 2096 intercedentibus
1358 2035 1607 2097 sanctis
1668 2035 1801 2098 tuis

494 2129 986 2182 MARCELmNo
1018 2130 1084 2182 et
1129 2133 1368 2184 PETRo
1410 2120 1802 2185 saluationis

491 2212 648 2266 tuae
677 2206 1047 2268 sentiamus
1077 2217 1516 2289 augmentum
1551 2257 1565 2272 .
1598 2206 1763 2290 per¹.

520 2413 1140 2475 SANGTORUM
1253 2415 1525 2474 PRlMl
1642 2416 1757 2474 ΕΤ

578 2497 1057 2557 ΡΕΕΙΟΙΑΝΙ
1120 2497 1708 2557 ΜΑΗΤΥΗῌΜ.

541 2673 581 2703 ,4
621 2626 714 2676 AC
777 2625 919 2676 NOS
982 2626 1281 2677 DOMINE
1341 2626 1802 2690 QUAESUMUS

666 2712 1125 2764 SANCTORUM
1223 2713 1546 2765 TUORUM
1646 2714 1799 2765 UIN-

497 2783 798 2848 cENTH'
910 2801 1121 2851 pium
1232 2797 1300 2851 et
1412 2801 1798 2851 FELICIANI

493 2893 756 2955 semper
797 2873 975 2937 facta
1014 2876 1254 2938 sectari
1287 2924 1299 2937 .
1334 2896 1618 2959 quorum
1665 2874 1798 2939 sus-

492 2957 718 3042 fragiis
761 2963 1193 3044 protectionis
1231 2973 1389 3025 tuae
1431 2965 1612 3026 dona
1652 2983 1799 3026 sen·

494 3048 739 3111 tiamus
772 3071 785 3110 :
818 3070 949 3131 per.

971 3173 1297 3221 SECRETA.

498 3259 715 3385 Fiat
775 3261 1048 3325 domine
1108 3283 1518 3345 quaesumus
1578 3262 1798 3363 hostia

662 3350 989 3412 sacranda
1061 3349 1406 3432 placabilis
1483 3361 1798 3433 praet1osi

491 3435 921 3500 caelebritate
955 3438 1253 3517 martyrii
1288 3487 1300 3499 .
1334 3457 1508 3520 quae
1546 3446 1612 3500 et
1646 3458 1797 3520 pec·

1898 987 2051 1041 cata
2113 988 2340 1043 nostra
2403 978 2706 1062 purificet
2752 1029 2765 1044 .
2813 987 2880 1043 et
2943 989 3209 1044 tuorum

1900 1065 2022 1128 tibi
2056 1076 2217 1130 uota
2249 1066 2559 1131 conciliet
2590 1066 2996 1130 famulorum
3031 1092 3045 1128 :
3081 1088 3213 1148 per.

2248 1219 2872 1271 ΙΙΡΟΒΤΟΟΜΜῌΝΙΟ.

2051 1313 2455 1366 UAESUMUS
2514 1302 2942 1386 omnipotens
3002 1304 3165 1366 deus
3201 1324 3213 1364 :

1903 1316 2039 1483 Q
2094 1398 2166 1452 ut
2198 1399 2579 1453 sanctorum
2615 1399 2878 1452 tuorum
2914 1388 3213 1452 caelesti*

1904 1478 2027 1540 bus
2061 1476 2396 1558 mysteriis
2428 1476 2762 1539 celebrata
2801 1476 3165 1540 solennitas
3197 1528 3209 1540 ..

1902 1562 2391 1645 indulgentiam
2428 1563 2618 1626 nobis
2650 1574 2806 1627 tuae
2839 1564 3209 1646 propitiati-

1901 1650 2049 1713 onis
2081 1650 2392 1733 adquirat
2425 1673 2439 1713 :
2471 1656 2632 1733 per⁸.

1902 1843 2521 1908 SANGTORUM
2640 1852 3197 1912 MARTYHurm

1905 1926 2799 1994 3A81L1018.01R1Ni
2850 1982 2862 1994 .
2913 1936 3201 1996 NAHO-

2129 2010 2327 2070 Rus.
2374 2013 2492 2071 ΕΤ
2559 2015 2982 2078 ΝΑΖΑΒΙΙ.

1953 2138 1981 2159 “
2008 2134 2429 2186 ANCTORUM
2504 2134 2873 2204 martyrum
2942 2135 3205 2188 tuorum

2050 2222 2418 2273 BASILIDIS
2461 2258 2472 2271 .
2518 2223 2761 2272 C1R1N1
2795 2259 2809 2274 .
2845 2224 3165 2276 NABOJ-ilffi
3197 2262 3209 2276 .

1901 2307 1969 2357 et
2053 2309 2365 2358 NAZARII
2448 2318 2854 2380 quaesumus
2937 2298 3209 2361 domins:

1902 2382 2216 2446 natalicia
2300 2383 2495 2447 nobis
2594 2384 2823 2447 uotiua
2919 2388 3206 2468 resplen-

1900 2470 2151 2533 deant.
2186 2481 2253 2534 et
2313 2471 2493 2554 quod
2559 2471 2686 2535 illis
2747 2472 3030 2535 contulit
3093 2496 3209 2536 ex-

1900 2556 2277 2621 cellentiam
2332 2559 2808 2641 sempiternam
2840 2608 2853 2621 .
2888 2558 3209 2624 fructibus

1900 2653 2168 2708 nostrae
2199 2646 2581 2709 deuotionis
2612 2656 2948 2709 accrescat
2983 2670 2996 2709 :
3029 2668 3161 2728 per*

2386 2794 2711 2842 SECRETA.

1963 2885 2093 2949 )ro
2111 2891 2491 2945 sanctorum
2517 2891 2783 2944 tuorum
2806 2895 3173 2944 BASILIDIS
3197 2932 3205 2944 .

2062 2983 2306 3033 CIRINI
2340 3017 2353 3031 .
2391 2982 2716 3032 NABORIS
2750 3018 2761 3031 .
2796 2978 2863 3032 et
2897 2982 3205 3032 NAZAMI

1899 3056 2226 3138 sanguine
2304 3057 2685 3119 uenerando
2760 3055 3014 3118 hostias
3089 3060 3209 3121 tibi

1899 3145 2172 3207 domine
2205 3143 2568 3208 solenniter
2601 3143 3028 3207 immolamus
3053 3197 3065 3205 .
3093 3157 3209 3209 tua

1902 3231 2233 3294 mirabilia
2277 3241 2807 3314 pertractantes.
2843 3250 2963 3313 per
3006 3253 3201 3313 quern

1900 3317 2053 3381 talis
2085 3329 2187 3381 est
2220 3318 2514 3401 perfecta
2548 3318 2824 3382 uictoria
2856 3341 2870 3381 ε
2903 3338 3032 3400 per.

2435 3460 2455 3513 ΙΙ
2480 3454 2568 3505 sol.
2593 3471 2675 3521 94.

588 3594 605 3625 ¹
643 3596 703 3644 In
738 3596 823 3645 the
856 3605 1000 3646 outer
1034 3598 1228 3662 margin
1262 3597 1321 3647 os
1346 3613 1409 3663 93
1423 3614 1473 3646 v.
1511 3596 1763 3663 (rr—19),
1798 3598 1898 3647 and
1929 3598 1982 3648 in
2013 3598 2062 3647 ei
2097 3596 2246 3646 hteen
2278 3596 2421 3657 lines,
2451 3598 2538 3647 the
2569 3596 2737 3646 writer
2766 3596 2825 3647 of
2852 3598 2937 3648 the
2967 3601 3209 3665 marginal

491 3661 741 3710 additions
764 3678 831 3711 on
858 3675 936 3738 79,
965 3675 1025 3728 79
1039 3678 1220 3728 v....92
1234 3680 1284 3712 v.
1308 3664 1408 3713 and
1432 3679 1495 3730 93
1520 3663 1610 3713 has
1633 3664 1927 3713 introduced
1952 3664 2038 3713 the
2060 3614 2323 3728 {flowing
2343 3680 2423 3712 :—

589 3727 650 3776 In
684 3727 1005 3777 translatione
1037 3729 1196 3778 sancti
1231 3728 1378 3793 elfegi
1407 3764 1419 3776 .
1445 3729 1640 3778 Adesto
1669 3728 1873 3779 domine
1906 3728 2356 3793 supplicationibus
2389 3728 2603 3777 nostris:
2649 3737 2703 3779 ut
2738 3729 2824 3794 qui
2855 3745 2915 3778 ex
2948 3728 3209 3793 iniquitate

490 3799 656 3840 nostra
691 3808 802 3842 reos
835 3809 928 3843 nos
959 3809 1067 3843 esse
1105 3795 1451 3859 cognoscimus
1476 3828 1489 3841 .
1516 3794 1649 3843 beati
1684 3793 1830 3859 elfegi
1871 3794 2087 3844 martiris
2122 3793 2196 3844 tui
2228 3803 2380 3859 atque
2415 3793 2665 3858 pontificis
2702 3794 3053 3845 intercessione
3089 3797 3209 3845 libe*

493 3871 654 3906 remur
679 3892 692 3905 .
717 3873 821 3922 per.

588 3923 880 3972 Muneribus
923 3924 1102 3973 nostris
1147 3940 1444 3989 quaesumus
1488 3924 1692 3974 domine
1738 3925 2068 3989 precibusque
2114 3924 2355 3988 susceptis
2403 3958 2413 3969 .
2460 3931 2510 3973 et
2561 3924 2828 3974 celestibus
2879 3938 2973 3973 nos
3024 3925 3209 3973 munda

489 3987 720 4038 misteriis
743 4024 756 4035 .
781 3998 830 4038 et
854 4004 942 4054 per
967 3990 1371 4040 intercessionem
1395 3991 1529 4040 beati
1552 3990 1699 4054 elfegi
1723 3992 1938 4039 martiris
1962 3991 2034 4040 tui
2055 3999 2207 4055 atque
2231 3988 2482 4054 pontilicis
2504 3990 2774 4039 clementer
2795 3990 2975 4039 exaudi
3001 4022 3014 4037 .
3039 4005 3141 4053 per.

1612 4091 2083 4139 Pos‘rcouuumo.

586 4171 899 4233 Quaesumus
922 4175 1241 4238 omnipotens
1263 4173 1412 4222 deus:
1448 4182 1500 4222 ut
1525 4173 1610 4238 qui
1633 4172 1837 4222 celestia
1866 4172 2106 4221 alimenta
2137 4169 2448 4237 percepimus
2474 4205 2486 4217 .
2511 4170 2851 4221 intercedente
2873 4172 3023 4222 bato
3045 4173 3209 4237 elfego

490 4235 687 4285 martire
711 4245 797 4286 tuo
818 4246 969 4303 atque
993 4238 1231 4302 pontifice
1257 4274 1269 4286 .
1295 4254 1383 4303 per
1405 4238 1529 4288 haee
1552 4246 1726 4287 contra
1749 4238 1919 4287 omnia
1940 4238 2150 4287 aduersa
2171 4240 2482 4286 muniamur:
2517 4252 2621 4301 per.

587 4298 609 4330 ²
640 4301 766 4351 This
794 4314 1095 4353 υιΝοεΝτιι
1122 4304 1164 4352 is
1189 4319 1255 4354 on
1279 4320 1343 4353 an
1367 4319 1564 4353 erasure
1587 4303 1752 4353 which
1775 4302 1876 4352 had
1898 4303 2079 4367 grazed
2104 4303 2188 4353 the
2209 4302 2482 4367 preceding
2506 4302 2660 4351 word.
2729 4302 2841 4352 The
2871 4318 3065 4353 erasure
3101 4305 3201 4361 has.

493 4381 558 4414 no
581 4366 754 4422 doubt.
779 4368 1079 4419 obliterated
1102 4370 1188 4418 the
1215 4369 1318 4418 first
1342 4369 1506 4418 minor
1528 4369 1709 4418 rubric.

582 4430 605 4461 ³
637 4432 748 4482 The
771 4442 915 4483 outer
937 4450 1020 4483 ma
1082 4435 1128 4484 'n
1153 4433 1212 4483 os
1238 4449 1302 4499 94
1326 4436 1532 4497 (4—14)
1556 4435 1699 4483 bears
1722 4434 1773 4483 in
1797 4433 1987 4484 sixteen
2015 4434 2160 4490 lines,
2186 4433 2285 4482 and
2309 4432 2506 4482 written
2530 4433 2595 4497 by
2619 4432 2704 4482 the
2727 4448 2864 4483 same
2887 4433 3023 4483 hand
3045 4453 3101 4481 as
3125 4433 3209 4485 the

489 4495 583 4546 last
608 4498 849 4561 marginal
874 4515 1023 4555 mass,
1082 4508 1135 4549 ut
1160 4500 1282 4549 with
1306 4516 1336 4549 a
1360 4500 1538 4557 better,
1561 4515 1618 4549 or
1641 4499 1876 4557 mended‚

1903 4515 2001 4564 pen
2016 4517 2098 4548 :—

587 4562 757 4613 Sancti
782 4566 997 4628 apostoli
1021 4566 1092 4614 tui
1123 4566 1345 4615 barnabe
1372 4582 1464 4614 nos
1495 4581 1793 4630 quaesumus
1823 4566 2029 4615 domine
2059 4564 2332 4614 solennitas
2361 4572 2556 4614 tueatur
2580 4598 2592 4611 .
2654 4564 2736 4613 uia
2766 4571 2909 4613 tanto
2932 4563 3209 4614 fiducialius

487 4634 575 4676 tuo
596 4629 787 4678 nomini
811 4632 1148 4695 supplicamus
1172 4666 1185 4678 .
1208 4638 1398 4697 quanto
1420 4630 1726 4696 frequentius
1749 4631 2088 4695 apostolorum
2112 4630 2436 4680 confouemur
2458 4644 2636 4693 exemp
2657 4628 2699 4678 is
2724 4664 2736 4676 .
2763 4644 2868 4694 per.

1709 4731 1985 4781 SscassTA.

584 4811 872 4862 Oblationis
904 4821 1073 4863 nostre
1105 4830 1286 4864 munus
1319 4820 1406 4864 tua
1436 4813 1642 4863 domine
1675 4813 1939 4862 benedicat
1974 4821 2024 4863 et
2056 4812 2294 4877 suscipiat
2326 4812 2532 4861 dextera
2565 4844 2579 4859 .
2606 4818 2656 4860 et
2689 4811 3003 4876 supplicante
3037 4821 3209 4861 sanctu

489 4876 710 4927 barnaba
731 4879 964 4943 apostolo
988 4888 1075 4930 tuo
1099 4916 1111 4929 .
1140 4879 1451 4945 acceptabile
1473 4894 1773 4944 quaesumus
1794 4877 2143 4928 holocaustum
2168 4894 2261 4927 nos
2282 4877 2374 4927 tibi
2399 4892 2640 4942 praepara
2664 4913 2676 4925 .
2708 4877 2817 4926 Per.

1611 4980 2089 5029 Posi-commuuio.

584 5059 735 5123 Quod
769 5062 835 5112 de
868 5061 1014 5112 altari
1048 5070 1137 5112 tuo
1168 5062 1373 5112 domine
1406 5062 1709 5127 sumpsimus
1740 5077 1938 5126 semper
1969 5061 2118 5110 nobis
2150 5076 2448 5125 quaesumus
2485 5061 2551 5110 ad
2589 5060 2801 5110 salutem
2839 5060 3069 5125 proficiat
3105 5097 3117 5109 .
3157 5069 3205 5109 ει

488 5126 798 5191 supplicante
820 5136 995 5177 sancto
1016 5128 1248 5193 apostolo
1271 5136 1359 5177 tuo
1383 5128 1604 5177 barnaba
1627 5137 1745 5177 ante
1767 5127 2003 5176 thronum
2024 5126 2184 5191 glorie
2208 5136 2290 5176 tue
2312 5142 2405 5176 nos
2425 5126 2645 5191 gaudere
2669 5125 2817 5176 saciat
2837 5143 2848 5174 :
2885 5141 2992 5191 per.
