4109 6275
699 786 772 836 PRO
794 784 1066 835 TEMPTATIONE
1088 783 1236 835 CARNIS.

529 977 693 1026 secum

293 1064 385 1192 Da
433 1071 636 1134 quaesumus
685 1051 943 1116 clementissime

387 1149 481 1222 pater
524 1160 584 1222 per
625 1138 723 1202 huius
763 1138 944 1204 oblationis

290 1227 485 1309 mysterium
518 1246 666 1290 meorum
698 1226 778 1290 mihi
810 1228 942 1289 ueniam

290 1324 502 1397 peccatorum
519 1363 526 1377 .
543 1324 580 1377 ut
603 1334 670 1376 non
694 1315 736 1378 ad
762 1314 943 1377 iudicium.

290 1402 349 1464 sed
379 1404 423 1467 ad
454 1401 698 1485 indulgentiam
729 1402 827 1464 huius
854 1421 944 1483 pres-

292 1488 453 1554 biteratus
469 1489 552 1551 ordo
568 1488 648 1551 mihi
661 1487 813 1572 proficiat
826 1488 945 1570 sempi-

292 1585 422 1640 ternam
441 1596 530 1658 :pen

466 1728 763 1778 postcommunio

346 1812 499 1865 umentes
519 1803 656 1866 domine
676 1801 793 1865 salutis
813 1811 947 1865 nostrae

367 1900 606 1954 sacramenta.
631 1900 764 1971 praesta
806 1910 947 1972 quaesu-

294 1997 369 2041 mus
400 1987 436 2041 ut
466 1997 580 2040 eorum
618 1977 831 2059 participatio
867 1976 947 2039 mihi

294 2064 421 2128 famulo
441 2075 500 2128 tuo
520 2065 562 2127 ad
585 2073 779 2147 perpetuam
798 2062 948 2145 proficiat

295 2151 437 2215 salutem
457 2177 463 2214 :
481 2172 547 2233 per.

374 2343 476 2405 ΙΡΒΟ
507 2343 868 2402 ΤΕΝΙΡΤΑΤΙΟΝΕ

521 2425 713 2485 Gnatus

298 2566 363 2694 U
377 2543 439 2609 RE¹
466 2546 533 2628 igni
561 2546 667 2609 sancti
694 2545 829 2627 spiritus
855 2566 951 2609 renes

399 2644 530 2697 nostros
560 2642 594 2697 et
624 2653 682 2696 cor
711 2642 861 2696 nostrum
892 2635 951 2697 do-

299 2721 410 2784 mine.
427 2731 464 2784 ut
486 2720 546 2784 tibi
570 2730 664 2785 casto
685 2741 824 2803 corpore
850 2721 951 2784 serui·

298 2828 413 2873 amus.
426 2818 459 2871 et
476 2809 603 2872 mundo
618 2808 718 2871 corde
734 2808 927 2891 placeamus
945 2831 952 2870 :

299 2916 379 2978 per.
396 2897 555 2960 eiusdem.

538 3021 702 3071 secatis.

300 3107 363 3235 D
376 3098 505 3181 irumpe
525 3097 661 3162 domine
683 3097 816 3162 uincula
837 3118 953 3181 pecca-

398 3197 508 3250 torum
543 3195 731 3249 nostrorum
755 3236 762 3251 .
787 3195 824 3249 ut
853 3186 953 3249 sacri-

301 3272 400 3337 ficare
419 3274 480 3338 tibi
502 3273 646 3337 hostiam
669 3272 777 3336 laudis
800 3274 954 3337 absoluta

302 3361 455 3425 libertate
485 3362 673 3443 possimus.
691 3361 836 3423 retribue
867 3382 953 3443 quae

302 3458 379 3511 ante
410 3448 553 3512 tribuisti
577 3497 584 3512 .
607 3457 642 3511 et
677 3449 771 3511 salua
807 3468 867 3511 nos
897 3468 956 3531 per

302 3535 574 3617 indulgentiam.
598 3555 682 3617 quos
718 3536 848 3598 saluare
882 3536 954 3618 dig-

303 3632 400 3686 natus
430 3644 466 3686 es
497 3643 555 3705 per
580 3622 722 3705 gratiam
740 3642 823 3704 :per
848 3624 956 3686 domi·

303 3729 391 3772 num.

474 3822 771 3873 POSTOOMMUNlO.

304 3903 489 4040 Domine
533 3903 666 3966 adiutor
711 3911 745 3966 et
787 3911 957 3984 protector

402 4000 515 4055 noster
535 3990 658 4053 adiuua
675 4009 736 4053 nos
752 3999 788 4052 ut
806 3988 958 4053 refloreat

305 4099 382 4141 caro
413 4087 527 4142 nostra
562 4078 677 4159 uigore
710 4077 891 4159 pudicitiae
924 4086 958 4140 et

305 4166 547 4228 sanctimoniae
563 4165 730 4229 nouitate.
741 4174 958 4246 ereptamque

305 4252 348 4316 de
372 4272 474 4316 manu
501 4253 640 4315 tartari.
658 4252 691 4313 in
719 4253 958 4314 resurrectione

306 4339 468 4404 iustorum
502 4338 646 4403 aeternis
679 4339 811 4421 gaudiis
844 4338 958 4402 iubeas

307 4427 508 4508 praesentari
534 4447 542 4490 ε
566 4447 632 4509 per.

554 4551 615 4615 lfol.
633 4551 710 4617 1560.

1590 785 1648 848 143

993 957 1084 1017 ΡΗΟ
1112 954 1435 1017 ὃΡΕΟΙΑΗΒϋὸ
1459 951 1644 1012 ΑΜΙΟΙΒ.

993 1095 1059 1221 O
1071 1093 1289 1143 MNIPOTENS
1315 1079 1518 1161 sempiterne
1544 1078 1651 1140 deus.

1093 1168 1248 1230 miserere
1280 1165 1413 1230 famulis
1443 1165 1510 1229 tuis
1540 1177 1585 1227 .N.
1617 1171 1650 1226 et

995 1255 1102 1338 dirige
1140 1276 1197 1318 eos
1233 1254 1417 1318 secundum
1456 1262 1548 1316 tuam
1587 1250 1652 1313 cle-

997 1345 1158 1406 mentiam
1176 1343 1208 1404 in
1227 1342 1315 1405 uiam
1336 1340 1453 1403 salutis
1473 1348 1651 1402 aeternae.

997 1438 1033 1493 ut
1050 1439 1083 1493 te
1098 1431 1247 1493 donante
1267 1429 1327 1492 tibi
1347 1428 1472 1511 placita
1492 1426 1652 1511 cupiant.

997 1517 1049 1591 llet
1064 1526 1136 1580 tota
1153 1517 1276 1580 uirtute
1293 1515 1466 1599 perficiant
1483 1537 1491 1577 ε
1509 1509 1590 1596 per'.

1240 1663 1404 1712 secuerit.

1003 1747 1188 1882 proficiat
1199 1768 1403 1831 quaesumus
1419 1749 1555 1811 domine
1571 1748 1654 1812 haec

1082 1836 1209 1901 oblatio
1231 1857 1334 1919 quam
1358 1844 1436 1899 tuae
1459 1836 1656 1919 suppliciter

998 1923 1169 1986 offerimus
1215 1924 1382 1987 maiestati
1428 1923 1470 1986 ad
1509 1923 1653 1987 salutem

1000 2009 1199 2074 famulorum
1223 2021 1356 2075 tuorum
1376 2023 1421 2074 .N.
1443 2020 1480 2074 ut
1501 2020 1559 2073 tua
1579 2030 1655 2092 pro-

999 2098 1149 2161 uidentia
1172 2118 1287 2162 eorum
1313 2099 1382 2162 uita
1406 2099 1491 2160 inter
1513 2099 1655 2161 aduersa

999 2194 1034 2248 et
1056 2205 1215 2268 prospera
1238 2186 1362 2268 ubique
1384 2185 1575 2266 dirigatur:
1597 2206 1656 2268 per

999 2272 1184 2336 dominum.

1176 2417 1474 2469 POSTCOMMUNlO.

999 2509 1208 2639 Sumentes
1234 2509 1371 2572 domine
1397 2519 1579 2591 perpetuae
1605 2530 1657 2571 sa-

1076 2605 1248 2660 cramenta
1269 2595 1408 2661 salutis.
1425 2606 1519 2659 tuam
1541 2597 1658 2679 depre-

1003 2704 1118 2747 camur
1144 2684 1357 2747 clementiam
1374 2733 1381 2748 .
1398 2693 1436 2747 ut
1462 2704 1522 2765 per
1547 2703 1587 2746 ea
1611 2683 1658 2747 fa·

1004 2771 1113 2835 mulos
1143 2781 1219 2834 tuos
1249 2771 1292 2835 ab
1327 2772 1419 2834 omni
1456 2770 1659 2835 aduersitate

1004 2868 1184 2940 protegas.
1200 2855 1281 2941 per⁸.

1084 3043 1174 3102 PRO
1208 3036 1573 3100 famltlnatssus

1082 3166 1153 3217 EUS
1190 3166 1258 3230 QUt
1296 3152 1444 3215 caritatis
1478 3152 1568 3215 dona
1601 3171 1661 3235 per

1103 3240 1246 3322 gratiam
1259 3239 1365 3303 sancti
1378 3239 1514 3322 spiritus
1526 3248 1659 3303 tuorum

1005 3327 1161 3391 cordibus
1185 3325 1332 3391 fidelium
1358 3326 1525 3389 infundis.
1542 3326 1587 3388 da
1614 3324 1661 3388 sa-

1007 3414 1105 3478 mulis
1120 3424 1155 3479 et
1171 3412 1359 3478 famulabus
1376 3413 1441 3477 tuis
1463 3433 1523 3496 pro
1540 3413 1662 3495 quibus

1007 3514 1100 3565 tuam
1128 3503 1347 3584 deprecamur
1372 3500 1585 3564 clementiam
1611 3520 1663 3563 sa-

1007 3590 1112 3652 lutern
1129 3590 1252 3653 mentis
1267 3597 1300 3652 et
1316 3589 1463 3671 corporis
1476 3636 1483 3651 .
1496 3597 1533 3651 ut
1545 3597 1579 3651 te
1590 3597 1664 3652 tota

1009 3678 1131 3740 uirtute
1147 3676 1309 3758 diligant.
1322 3685 1356 3738 et
1367 3696 1455 3759 quae
1466 3675 1527 3739 tibi
1540 3674 1663 3758 placita

1007 3773 1086 3826 sunt
1108 3814 1116 3827 .
1139 3772 1212 3827 tota
1248 3763 1429 3828 dilectione
1460 3760 1632 3845 perficiant
1656 3810 1663 3825 .

1008 3871 1089 3932 per.
1106 3851 1265 3913 eiusdem.

1249 3985 1413 4033 secam.

1009 4068 1217 4202 Miserere
1269 4086 1471 4150 quaesumus
1528 4068 1665 4131 domine

1120 4154 1255 4218 famulis
1275 4164 1310 4218 et
1328 4153 1517 4217 famulabus
1536 4154 1603 4217 tuis
1618 4167 1664 4219 .N.

1010 4263 1071 4326 pro
1097 4242 1219 4325 quibus
1244 4241 1307 4305 hoc
1331 4240 1529 4304 sacrificium
1557 4241 1665 4306 laudis

1010 4339 1089 4393 tuae
1118 4328 1290 4393 offerimus
1321 4329 1517 4392 maiestati.
1539 4339 1576 4392 ut
1607 4349 1668 4411 per

1010 4417 1094 4481 haec
1109 4426 1227 4504 sancta
1242 4436 1406 4499 supernae
1422 4416 1666 4481 benedictionis

1271 4557 1281 4612 ΙΙ
1293 4552 1335 4603 fol.
1352 4567 1405 4618 15⁷·

356 4730 364 4763 ¹
382 4730 459 4781 Close
470 4737 497 4779 to
508 4730 551 4780 the
563 4730 615 4780 first
626 4731 696 4779 word
707 4729 736 4778 of
744 4730 794 4779 this
806 4731 876 4780 Mass
887 4731 908 4781 is
919 4747 935 4781 a
945 4732 1017 4780 mark
1030 4731 1081 4781 like
1093 4731 1147 4782 that
1159 4740 1185 4781 at
1200 4746 1246 4794 ¹40
1254 4747 1279 4780 v.
1292 4730 1354 4795 (¹3)-

355 4795 366 4827 ²
382 4796 452 4847 Over
465 4795 509 4844 the
525 4795 584 4845 final
599 4795 716 4860 syllables
727 4795 757 4844 of
771 4795 902 4853 ‘famulis’
916 4795 1000 4857 ‘tuis’
1013 4796 1089 4853 ‘eoa’
1103 4797 1218 4862 ‘cupiant
1227 4796 1234 4818 ²
1244 4797 1295 4846 and
1309 4799 1315 4821 ⁸
1369 4795 1468 4847 ficiant'
1480 4795 1505 4846 in
1518 4796 1568 4846 this
1580 4812 1668 4863 prayer

308 4861 351 4911 the
362 4861 511 4911 transcribet
521 4861 567 4910 has
578 4861 603 4909 in
615 4876 631 4909 a
642 4860 715 4911 small
726 4860 794 4911 clear
804 4860 872 4910 hand
884 4861 983 4910 written
996 4862 1048 4922 ‘0,’
1060 4862 1109 4918 ‘o.’
1123 4863 1199 4920 ‘um,'
1213 4861 1269 4912 ‘at'
1280 4878 1312 4911 an
1345 4861 1403 4912 ‘ab’

356 4925 367 4957 ⁸
383 4926 509 4990 Opposite
524 4925 574 4976 line
589 4942 605 5003 9
620 4925 650 4975 of
661 4925 705 4976 the
720 4926 802 4991 ruliug
817 4927 905 4992 begins
917 4925 959 4976 the
970 4926 1107 4993 following,
1121 4928 1147 4977 iu
1159 4927 1190 4991 64
1202 4927 1271 4977 short
1283 4928 1346 4977 lines
1355 4932 1403 4978 :-‘
1412 4926 1508 4973 Oratio.
1543 4926 1613 4978 Deua
1624 4927 1668 4994 qui

309 4993 385 5041 corda
397 4991 508 5041 fidelium
519 5000 600 5041 sancti
611 4991 712 5057 spiritus
723 4992 890 5042 illustratione
900 4991 1008 5041 docuisti
1020 4993 1054 5042 da
1065 4993 1139 5042 nobis
1150 4993 1176 5041 in
1187 5001 1301 5043 ...recta
1313 5009 1415 5070 sapere.
1428 5026 1435 5040 .
1447 5000 1472 5043 et
1483 4993 1516 5042 de
1528 4991 1581 5042 eius
1590 5027 1669 5043 .....

310 5057 388 5107 dere.
401 5056 475 5121 per’;
492 5056 551 5117 and,
565 5060 680 5122 opposite
690 5057 742 5106 line
757 5072 784 5119 ¹5
793 5059 959 5105 r-‘Scuda
1010 5058 1117 5107 Munera
1133 5074 1269 5123 quesumus
1284 5058 1387 5108 domme
1401 5066 1486 5108 nostra
1501 5057 1628 5110 sanctifica
1643 5066 1669 5109 et

310 5121 386 5171 corda
397 5129 482 5172 nostra
493 5123 572 5172 sancti
583 5123 684 5188 spiritus
695 5121 860 5173 illustratione
871 5123 981 5172 emunda
993 5159 999 5173 .
1014 5120 1078 5188 per,’
1089 5123 1116 5172 in
1127 5123 1159 5187 41
1171 5124 1241 5174 linea.
