4109 6275
462 796 507 857 44
994 787 1125 839 canon
1151 786 1293 838 nnssnn

466 965 998 1037 Uiuifflficasffleneffldicisfflt
1024 985 1119 1049 prae·
1170 973 1288 1048 regnat
1319 964 1352 1026 in
1386 962 1514 1027 unitate
1547 961 1684 1045 spiritus
1720 962 1827 1025 sancti

349 1068 355 1080 '
464 1064 534 1118 stas
558 1054 920 1137 nobis.per›1⁴ipsum
943 1063 977 1117 et
997 1062 1121 1122 cumei<
1170 1054 1350 1117 deusner
1364 1049 1487 1115 omnia

466 1143 540 1225 ipso
569 1152 604 1206 et
634 1142 667 1205 in
695 1151 725 1213 ›1‹
760 1141 832 1224 ipso
854 1191 862 1206 ,
885 1151 937 1205 est
966 1141 1028 1204 tibi
1055 1142 1121 1204 deo
1179 1149 1282 1278 pax
1295 1139 1422 1202 domini
1435 1138 1479 1203 sit
1491 1156 1624 1219 semper
1636 1136 1827 1200 uobiscum.

466 1230 552 1312 patri
569 1229 859 1311 omnipotenti.in
881 1230 1010 1292 unitate
1025 1228 1120 1312 spiri·
1255 1236 1292 1293 Et
1327 1247 1405 1290 cum
1439 1225 1557 1308 spiritu
1588 1234 1648 1287 tuo
1678 1273 1685 1287 .
1717 1243 1828 1306 ugnus

467 1327 520 1379 tus
539 1316 645 1379 sancti
661 1365 668 1380 .
684 1316 794 1379 omnis
810 1315 917 1380 honor
937 1325 970 1378 et
991 1315 1121 1398 gloria.
1171 1315 1226 1378 dei
1242 1315 1299 1398 qui
1315 1313 1405 1378 tollis
1421 1321 1561 1397 peccata
1578 1312 1693 1375 mundi
1710 1362 1717 1375 .
1735 1312 1827 1375 Mise-

467 1409 529 1469 Per
568 1405 682 1466 omnia
726 1403 859 1467 saecula
902 1403 1121 1467 saeculorum.
1172 1422 1243 1465 rere
1269 1402 1390 1465 nobis.
1412 1421 1439 1468 ιι
1463 1450 1470 1464 .
1494 1420 1605 1482 Agnus
1631 1399 1686 1462 dei
1708 1448 1716 1462 .
1738 1412 1829 1462 Dona

467 1490 594 1554 Auen.
638 1494 812 1558 Onnnus.
1173 1489 1271 1552 nobis
1286 1509 1413 1573 pacem.

526 1590 727 1642 RAEOEPTIS
765 1576 965 1641 salutaribus
1004 1576 1122 1640 moniti
1175 1583 1271 1644 Haec
1312 1596 1406 1640 sacro
1447 1584 1564 1639 sancta
1604 1573 1827 1637 commixtio.

547 1675 580 1728 et
607 1666 722 1729 diuina
750 1665 960 1730 institutione
986 1662 1121 1728 formati
1172 1664 1321 1747 corporis
1343 1673 1377 1727 et
1400 1662 1573 1745 sanguinis
1596 1661 1726 1725 domini
1755 1680 1828 1723 nos-

467 1753 630 1816 audemus
646 1753 764 1816 dicere.
1174 1752 1214 1815 tri
1249 1752 1325 1815 lesu
1356 1750 1470 1814 christi
1500 1748 1559 1813 fiat
1589 1749 1747 1812 omnibus
1776 1767 1828 1811 su-

529 1852 629 1902 ATER
652 1849 765 1903 noster
791 1839 847 1921 qui
874 1858 911 1902 es
938 1839 971 1901 in
998 1838 1123 1902 caelis.
1174 1839 1343 1902 mentibus
1384 1838 1474 1901 salus
1516 1838 1638 1901 mentis
1679 1846 1714 1900 et
1758 1856 1829 1899 cor·

549 1925 777 1991 sanctificetur
821 1946 943 1990 nomen
989 1936 1084 1990 tuum
1116 1975 1123 1989 .
1174 1926 1265 2009 poris
1286 1975 1294 1990 .
1318 1936 1421 2010 atque
1446 1926 1488 1989 ad
1521 1925 1626 1989 uitam
1658 1933 1828 1988 aeternam

467 2014 631 2078 adueniat
661 2034 801 2096 regnum
828 2023 947 2077 tuum.
964 2014 1035 2078 Fiat
1064 2033 1123 2077 uo·
1175 2013 1431 2097 promerendam
1484 2012 1696 2096 praeparatio
1743 2010 1829 2074 salu·

468 2101 580 2165 luntas
625 2111 684 2165 tua
731 2102 818 2166 sicut
866 2102 899 2164 in
946 2101 1041 2164 caelo
1089 2111 1124 2165 et
1174 2100 1278 2165 taris'.

468 2191 501 2251 in
538 2197 635 2253 terra
698 2195 821 2255 Panem
857 2197 1007 2252 nostrum
1042 2188 1124 2252 coti·
1174 2189 1197 2270 ’l
1283 2201 1568 2253 OMINESANCTE
1585 2199 1705 2249 Pam
1723 2187 1830 2249 omni·

467 2277 604 2340 dianum
638 2276 683 2339 da
719 2276 817 2340 nobis
847 2275 948 2340 hodie
970 2325 976 2339 .
1001 2286 1040 2340 Et
1073 2276 1123 2338 di·
1207 2210 1270 2339 D
1305 2285 1426 2358 potens
1466 2286 1602 2340 aeterne
1643 2275 1759 2338 deus.
1786 2274 1830 2337 da

468 2364 566 2428 mitte
598 2364 695 2428 nobis
732 2363 847 2427 debita
885 2372 999 2427 nostra
1036 2363 1124 2427 sicut
1176 2362 1276 2427 michi
1292 2364 1356 2427 hoc
1371 2383 1492 2446 corpus
1508 2373 1542 2428 et
1557 2361 1756 2443 sanguinem
1773 2359 1830 2424 filii

468 2460 502 2515 et
523 2471 584 2514 nos
601 2451 804 2515 dimittimus
822 2450 1031 2515 debitoribus
1048 2470 1123 2513 nos·
1175 2451 1225 2515 tui
1251 2450 1381 2514 domini
1408 2450 1512 2515 nostri
1541 2450 1609 2513 iesu
1639 2446 1754 2513 christi
1785 2450 1831 2512 ita

468 2539 549 2603 tris.
567 2548 605 2604 nt
629 2559 672 2602 ne
695 2559 756 2602 nos
779 2538 936 2613 llinducas
959 2538 992 2601 in
1016 2548 1124 2621 temp·
1175 2557 1345 2603 assumere
1361 2588 1368 2602 .
1384 2548 1421 2601 ut
1448 2558 1577 2602 merear
1602 2557 1662 2621 per
1690 2535 1753 2600 hoc
1783 2557 1831 2599 re·

468 2625 653 2690 tationem.
672 2625 732 2693 sed
761 2626 866 2690 libera
892 2645 953 2689 nos
980 2645 1000 2688 a
1025 2624 1124 2688 malo.
1176 2626 1368 2690 missionem
1410 2627 1577 2690 omnium⁴
1616 2634 1829 2707 peccatorum

469 2714 586 2777 ΑΜΕΝ
594 2711 612 2776 ¹.
1177 2733 1327 2777 meorum
1344 2714 1495 2796 accipere
1510 2762 1517 2776 .
1533 2723 1568 2777 et
1582 2712 1701 2795 spiritu
1714 2720 1832 2776 sancto

517 2801 607 2863 ibera
644 2820 705 2863 nos
743 2819 947 2883 quaesumus
987 2801 1125 2863 domine
1176 2800 1295 2883 repleri
1310 2850 1317 2865 .
1334 2812 1367 2865 et
1390 2801 1433 2865 ab
1456 2811 1592 2864 aeterna
1613 2801 1832 2864 damnatione

555 2887 598 2951 ab
614 2888 771 2951 omnibus
787 2886 1125 2970 malispraeteritis.
1176 2885 1325 2953 liberari⁸
1354 2938 1361 2951 .
1392 2898 1427 2952 et
1460 2888 1493 2952 in
1524 2889 1580 2951 die
1610 2887 1723 2951 iudicii
1754 2906 1830 2950 cum

469 2975 701 3057 praesentibus
717 3025 724 3039 .
740 2984 773 3038 et
803 2973 923 3039 suturis
938 3026 944 3039 .
962 2985 997 3039 et
1023 2976 1125 3038 inter·
1175 2977 1301 3040 sanctis
1327 2987 1362 3039 et
1384 2976 1500 3040 electis
1522 2977 1589 3040 tuis
1613 2976 1645 3038 in
1670 2985 1832 3058 perpetua

468 3063 609 3126 cedente
634 3063 735 3127 beata
760 3072 795 3126 et
820 3062 966 3146 gloriosa
991 3082 1126 3146 semper
1178 3064 1291 3148 requie
1307 3063 1462 3127 collocari
1479 3112 1486 3129 .
1502 3083 1561 3147 per
1576 3062 1729 3126 eundem.

469 3151 597 3234 uirgine
634 3150 689 3214 dei
724 3151 884 3233 genitrice
920 3164 1042 3214 ulnus
1062 3199 1069 3215 .
1090 3161 1124 3215 et
1252 3164 1378 3216 onnus
1405 3165 1487 3217 nasu
1515 3164 1676 3217 cunrsnn
1703 3150 1750 3214 fili
1778 3150 1832 3214 dei

469 3238 578 3303 beatis
619 3237 782 3321 apostolis
823 3240 889 3303 tuis
933 3251 1051 3302 PETRO
1092 3249 1125 3302 et
1275 3239 1366 3304 uiui.
1382 3241 1439 3322 qui
1463 3260 1507 3303 ex
1531 3240 1708 3303 uoluntate
1728 3238 1833 3321 patris

452 3338 594 3390 'PAULO
615 3335 717 3409 atque
737 3339 894 3389 ANDREA
917 3345 994 3389 curn
1017 3327 1125 3389 omni·
1176 3337 1380 3411 cooperante
1395 3328 1513 3411 spiritu
1534 3336 1653 3391 sancto
1671 3345 1730 3410 per
1747 3345 1833 3389 mor·

470 3412 532 3476 bus
562 3414 712 3478 sanctis.
736 3433 782 3479 na
812 3413 977 3497 propitius
1007 3433 1125 3496 pacem
1177 3424 1246 3478 tem
1284 3424 1377 3479 tuam
1417 3415 1578 3478 mundum
1619 3411 1794 3478 uiuificasti
1826 3463 1833 3479 .

470 3500 502 3563 in
534 3499 652 3564 diebus
683 3502 804 3564 nostris
833 3511 872 3565 ut
901 3520 966 3583 ope
1000 3501 1125 3564 miseri·
1178 3501 1281 3566 libera
1309 3523 1363 3566 me
1387 3522 1446 3587 per
1470 3504 1535 3566 hoc
1558 3522 1654 3566 sacro
1677 3511 1831 3564 sanctum

470 3588 603 3651 cordiae
630 3597 708 3651 tuae
734 3587 863 3653 adiuti.
880 3597 914 3652 et
941 3608 962 3652 a
984 3598 1126 3671 peccato
1176 3609 1298 3671 corpus
1309 3601 1343 3655 et
1355 3591 1553 3673 sanguinem
1564 3589 1833 3653 tuumacunctis

470 3674 574 3738 simus
597 3695 729 3758 semper
753 3674 847 3739 liberi
871 3725 878 3740 .
901 3684 936 3739 et
962 3675 1006 3738 ab
1033 3677 1125 3740 omni
1178 3677 1409 3759 iniquitatibus
1456 3679 1538 3742 meis
1586 3687 1621 3741 et
1669 3676 1833 3740 uniuersis

470 3762 720 3845 perturbatione
749 3763 855 3826 securi
872 3814 879 3827 .
896 3783 955 3845 per
980 3763 1125 3827 eundem
1178 3764 1275 3828 malis
1298 3815 1305 3828 .
1329 3776 1363 3830 et
1397 3764 1448 3829 sac
1483 3785 1538 3829 me
1571 3765 1638 3830 tuis
1674 3763 1833 3828 obaedire

470 3850 645 3913 dominum
663 3860 813 3914 nostrum
834 3863 942 3914 lesum
964 3849 1125 3915 christum
1177 3853 1394 3936 praeceptis.
1417 3862 1450 3916 et
1481 3874 1501 3916 a
1531 3864 1566 3918 te
1596 3871 1767 3933 nunquam
1800 3852 1832 3914 in

472 3936 576 4000 filium
607 3937 800 4019 tuum.qui
833 3947 944 4002 tecum
978 3938 1062 4001 uiuit
1093 3948 1127 4003 et
1177 3947 1377 4022 perpetuum
1395 3941 1562 4023 separari:
1583 3939 1752 4023 quiuiuis.

736 4106 802 4164 lf0l·
816 4123 857 4171 45·
1390 4109 1450 4174 liol.
1464 4126 1496 4175 45
1505 4126 1530 4162 o.
1543 4110 1588 4160 liu.
1602 4127 1626 4175 3.

520 4293 529 4325 ¹
546 4293 609 4343 This
621 4296 707 4344 Auen
719 4293 740 4344 is
752 4294 777 4343 in
789 4293 874 4345 Greek
886 4295 985 4345 letters:
1004 4295 1069 4353 thus,
1078 4294 1155 4347 att-t
1167 4298 1191 4346 Η
1204 4296 1254 4347 Η.

471 4358 617 4475 con:el-pere
639 4375 655 4409 a
676 4359 738 4409 later
759 4359 827 4409 baud
839 4360 903 4410 adds
928 4359 1031 4411 ‘amen’
1063 4361 1120 4412 The
1142 4361 1186 4412 init
1209 4363 1229 4414 is
1252 4362 1281 4413 ol
1298 4380 1314 4413 a
1336 4363 1451 4415 different
1474 4363 1560 4414 colour
1582 4363 1645 4413 lrom
1669 4362 1723 4414 that
1743 4363 1773 4414 oi
1791 4363 1834 4414 the

545 4442 560 4474 x
574 4459 580 4472 .

471 4555 490 4605 li
519 4489 530 4522 ⁸
548 4490 636 4541 Under
657 4490 708 4540 line
735 4506 743 4540 τ
768 4490 818 4540 and
840 4506 873 4541 on
896 4489 947 4544 line
969 4508 982 4541 r
1003 4490 1033 4541 oi
1053 4491 1095 4542 iol.
1118 4508 1183 4556 4521.
1202 4509 1230 4544 as
1246 4493 1379 4560 originally
1396 4493 1466 4544 ruled
1486 4494 1507 4545 is
1526 4494 1569 4545 the
1587 4493 1718 4560 following
1737 4494 1763 4545 in
1783 4504 1834 4545 two

490 4569 549 4605 nes:

483 4752 488 4764 ¹
520 4620 1833 4756 lttlfflutd‘ltftdatltasstlttludtffilt‘dlzr0rltmum

471 4752 635 4882 lmeili‘orpus
652 4824 677 4867 et
694 4818 794 4881 sanguis
810 4816 907 4867 domini
924 4818 1002 4869 nostri
1018 4819 1071 4868 iesu
1091 4819 1176 4870 christi
1196 4828 1326 4872 conseruet
1342 4838 1433 4888 corpus
1451 4830 1477 4872 et
1496 4822 1606 4872 ammam
1626 4830 1695 4872 tuam
1712 4822 1738 4871 in
1755 4820 1833 4872 uitam

471 4890 583 4996 etezmibl
590 4896 716 4997 tbeabltitbr
730 4948 835 5022 margin,
849 4948 963 5014 opposite
978 4949 1029 4999 line
1044 4952 1099 5001 das
1109 4950 1242 5018 originally
1253 4953 1333 5013 roled,
1345 4953 1395 5002 and
1411 4953 1550 5018 extending
1564 4960 1591 5003 to
1604 4953 1686 5003 below
1698 4953 1748 5003 line
1763 4951 1833 5009 1¹,is

472 5012 515 5062 the
525 5011 664 5076 following,
677 5011 703 5060 in
713 5012 782 5076 eight
793 5013 856 5062 lines
866 5032 872 5063 ε

523 5080 636 5143 C⁴orpus
646 5084 671 5127 et
682 5077 783 5142 sanguis
794 5078 890 5128 domini
901 5080 979 5130 nostri
990 5080 1043 5132 iesu
1054 5080 1140 5132 christi
1151 5081 1183 5132 sit
1193 5081 1255 5132 mihi
1271 5083 1303 5132 ad
1318 5084 1423 5134 sulutem
1439 5093 1463 5134 et
1478 5086 1510 5134 ad
1527 5085 1663 5134 remedium
1679 5084 1764 5134 anime
1777 5098 1833 5134 mee

472 5146 498 5192 in
515 5143 593 5192 uitam
610 5149 721 5192 eternam
741 5177 747 5189 .
764 5159 838 5193 amen
