4109 6275
441 774 503 851 148
963 779 1036 830 nno
1057 777 1283 831 vernuciis.

437 965 582 1026 rantium
613 963 734 1026 satiare
763 960 965 1024 cousueuisti
984 1008 992 1023 .
1011 977 1091 1021 uam
1143 968 1255 1022 torum
1298 967 1400 1040 atque
1441 955 1622 1018 electorum
1665 963 1800 1015 tuorum

438 1059 473 1113 et
484 1049 599 1113 confisi
612 1051 655 1113 de
666 1059 725 1112 tua
736 1049 862 1132 pietate
873 1048 1092 1129 deprecamur
1145 1046 1295 1130 largiaris
1339 1046 1543 1109 consortium
1574 1091 1582 1106 .
1611 1052 1647 1104 et
1691 1058 1800 1103 rorem

439 1146 475 1200 ut
507 1138 652 1200 misereri
683 1136 830 1219 digneris
857 1132 983 1198 famulo
1009 1143 1092 1196 tuo.
1146 1133 1391 1197 misericordiae
1409 1142 1487 1194 tuae
1507 1147 1687 1213 perennem
1704 1128 1734 1190 ei
1751 1127 1800 1188 in-

440 1243 483 1287 ne
513 1222 705 1307 praeualeat
734 1224 896 1286 aduersus
926 1241 1003 1284 eum
1033 1219 1092 1282 ad·
1145 1220 1268 1284 fundas
1285 1244 1293 1283 :
1308 1217 1389 1303 per⁴.

440 1312 604 1374 uersarius
631 1312 664 1374 in
691 1311 773 1373 liora
799 1312 912 1373 exitus
939 1308 1031 1370 illius
1055 1306 1095 1369 dc

439 1419 577 1481 corpore
600 1448 607 1462 ·
630 1398 689 1461 sed
725 1398 901 1461 transitum
932 1404 1097 1458 mreatur
1145 1419 1270 1466 tectio
1295 1418 1380 1465 trent
1404 1408 1658 1480 sportatiesis]
1683 1413 1799 1461 totins-

439 1485 561 1549 habere
576 1487 618 1549 ad
635 1486 740 1548 uitam
756 1533 763 1549 .
779 1483 861 1567 per¹.
1342 1506 1395 1552 nis
1421 1503 1601 1553 neosroui.

442 1650 474 1713 tn
515 1648 651 1718 Requiem
666 1657 811 1701 aeternam
828 1647 905 1701 dona
921 1646 963 1700 eis
979 1645 1094 1699 domine
1152 1611 1231 1753 ΙΝ·
1245 1606 1364 1670 diebus
1380 1607 1443 1668 illis
1459 1603 1605 1668 :Audiui
1626 1623 1742 1702 uocem
1759 1603 1804 1665 de

476 1704 575 1774 etlux
601 1730 738 1789 perpetua
763 1719 855 1772 luceat
881 1716 930 1771 eis
979 1728 1012 1776 l¹s
1052 1717 1095 1769 Te
1209 1694 1303 1758 caelo
1321 1718 1328 1757 :
1346 1693 1513 1757 dicentem
1538 1691 1618 1754 inihi
1634 1739 1642 1752 .
1662 1690 1804 1754 Scribe.

476 1791 557 1845 decet
582 1807 691 1858 ymnus.
737 1803 810 1868 timp
844 1787 982 1858 Requiem
1006 1796 1094 1840 aeter-
1148 1782 1244 1845 Beati
1262 1780 1385 1844 mortui
1402 1783 1482 1863 :qui
1499 1780 1531 1842 iii
1548 1779 1688 1841 domino
1704 1777 1804 1839 mori·

476 1878 543 1915 ω
562 1861 639 1915 ‘¹⁰⁰²
655 1861 697 1915 eis
715 1860 830 1914 d⁰⁰¹³¹¹e
848 1870 875 1913 ⁰¹
894 1859 940 1912 ¹¹¹¹
958 1868 1096 1938 perpetua
1148 1880 1270 1933 untur.
1286 1869 1426 1931 Amodo
1449 1868 1515 1930 iam
1536 1867 1618 1929 dicit
1641 1866 1805 1947 spiritus:

475 1930 1095 2057 tetiiattinentium:
1149 1967 1185 2020 ut
1222 1957 1432 2039 remim
1468 1953 1660 2017 inm

475 2084 568 2135 Tm,
611 2071 804 2142 Deproiundis
837 2069 958 2125 clamant
995 2071 1034 2124 ad
1066 2080 1095 2125 te
1148 2045 1262 2127 Opera
1276 2045 1366 2106 enim
1383 2043 1705 2106 illorumtsecuntur
1720 2038 1805 2101 illos.

476 2145 592 2199 domine
613 2143 728 2198 domine
749 2142 851 2197 exaudi
873 2158 973 2196 uocem
993 2158 1094 2195 meam

478 2225 550 2276 Utis
583 2214 667 2268 Fiant
685 2229 767 2267 aures
785 2224 851 2267 tuae
869 2212 1048 2267 intendentes
1066 2212 1096 2266 in
1379 2226 1571 2276 ιοΗΑΝΝῑΜ,

476 2285 633 2341 orationem
655 2286 728 2339 serui
750 2284 799 2338 tui
839 2291 911 2343 Ueis
942 2284 972 2338 si
994 2283 1095 2354 iniqui·
1240 2331 1247 2344 ,
1277 2332 1284 2345 ,
1378 2329 1386 2342 ,
1417 2331 1424 2343 ,
1673 2329 1680 2343 ,

476 2368 549 2413 tates
574 2355 770 2411 &seruam
794 2355 909 2409 domine
933 2355 1003 2409 deus
1032 2356 1096 2424 quis
1190 2344 1215 2393 N
1239 2329 1325 2394 illis.
1343 2331 1442 2393 Dixit
1462 2328 1595 2392 martha
1612 2330 1654 2392 ad
1671 2349 1804 2392 iesum.

477 2428 634 2483 sustinebit
674 2434 746 2485 Ueis
780 2426 855 2495 Quia
880 2425 957 2495 apud
980 2436 1008 2479 te
1033 2441 1096 2495 pro
1212 2418 1358 2482 Domine
1376 2418 1429 2480 :si
1461 2416 1578 2480 luisses
1607 2416 1683 2479 hie:
1703 2415 1806 2479 frater

478 2500 588 2582 pittatio
602 2510 645 2553 0⁵1
660 2510 688 2580 θῑ,
704 2507 818 2580 emme?
832 2498 923 2565 legem
939 2509 1017 2577 ‘⁰3⁰¹
1035 2512 1095 2577 5¹¹⁵·
1149 2527 1242 2569 meus
1265 2526 1332 2569 non
1354 2504 1469 2568 suisset
1490 2513 1664 2567 mortuus.
1681 2503 1750 2569 Sed
1770 2514 1806 2567 et

476 2582 547 2625 tinui
565 2579 594 2623 te
612 2571 735 2624 domine.
769 2575 865 2627 Oiieri.
893 2568 1017 2621 Domine
1036 2584 1095 2621 iesu
1148 2592 1432 2674 nuncscioequia
1447 2598 1806 2674 quaecunquepopos·

476 2641 581 2695 christe
602 2658 650 2694 rex
671 2639 778 2709 gloriae
798 2639 888 2693 libera
907 2637 1017 2692 animas
1037 2654 1096 2691 om·
1205 2681 1212 2693 .
1452 2680 1459 2692 ,
1516 2681 1560 2693 ,,
1749 2679 1788 2692 Η

476 2712 554 2766 nium
579 2711 703 2766 fidelium
727 2708 924 2764 detunctorum
949 2708 985 2763 de
1009 2726 1096 2762 manu
1148 2700 1231 2743 ceris
1254 2681 1340 2744 adeo
1358 2729 1365 2742 .
1381 2680 1477 2742 dabit
1499 2680 1561 2742 tibi
1584 2679 1689 2742 deus.
1712 2679 1807 2742 Dicit

477 2781 577 2836 inferni
596 2793 624 2836 et
642 2782 679 2837 de
697 2781 838 2851 profundo
860 2779 913 2834 laci
935 2780 1025 2833 libera
1046 2796 1096 2833 eas
1149 2767 1195 2830 illi
1227 2769 1315 2831 iesus
1337 2817 1344 2830 .
1369 2766 1535 2848 Resurget
1564 2765 1667 2830 stater.
1694 2777 1774 2830 tuus
1797 2814 1806 2830 .

477 2854 513 2908 de
525 2870 573 2907 ore
586 2852 725 2933 leonis-ne
740 2852 890 2932 absorbeat
907 2868 957 2905 eas
974 2860 1096 2931 tertam
1149 2855 1241 2918 Dicit
1257 2857 1285 2919 ei
1303 2853 1454 2918 martha.
1467 2854 1547 2918 Scio
1560 2854 1640 2936 quia
1655 2862 1806 2937 resurget

477 2940 513 2978 ¹¹⁶
543 2924 648 2977 cadant
678 2940 706 2976 ¹¹¹
737 2923 864 2976 ⁰b⁵⁶⁰¹¹⁸
895 2922 945 2975 ⁵0⁶
980 2921 1097 3002 signifer
1149 2942 1181 3004 in
1204 2942 1497 3005 resurrectionem
1519 2940 1703 3004 nouissimo
1725 2941 1806 3004 die.

477 3005 593 3049 sanctus
613 3005 758 3049 Miciiiilti,
778 3002 971 3063 repraesentet
992 3009 1042 3045 eas
1067 3008 1096 3045 in
1150 3030 1225 3092 D..
1280 3030 1312 3043 ..
1775 3028 1782 3042 .

477 3067 569 3120 iucem
593 3076 729 3119 mmm
768 3065 862 3133 Quam
884 3063 951 3117 olim
973 3062 1097 3116 abrahae
1185 3039 1242 3092 icit
1257 3050 1287 3093 ei
1303 3050 1410 3092 iesus.
1428 3028 1503 3110 Ego
1518 3049 1593 3091 sum
1610 3038 1807 3092 resurrectio

476 3136 857 3208 promisistietseminieius.
887 3144 958 3196 [yffi
978 3132 1097 3188 Hostias
1149 3126 1184 3181 et
1200 3117 1365 3199 uita.qui
1381 3116 1486 3180 credit
1504 3116 1538 3178 in
1561 3116 1755 3180 mezetiam
1776 3116 1806 3179 si

477 3220 505 3263 et
518 3225 616 3279 preces
629 3207 679 3262 tibi
693 3208 808 3262 domine
820 3206 963 3261 offerimus
976 3207 1019 3259 Tu
1037 3223 1096 3260 sus·
1150 3215 1301 3268 mortuus
1337 3203 1436 3268 suerit
1471 3204 1564 3266 uiuet
1586 3254 1593 3267 ‚
1619 3204 1664 3267 Et
1694 3204 1806 3267 omnig

477 3281 540 3349 cipe
558 3296 609 3359 ΡΨ
627 3277 777 3360 animm
796 3276 850 3332 ”¹¹⁵
871 3275 1097 3358 qumm.¹¹⁰di²
1149 3293 1205 3374 qui
1237 3293 1321 3355 uiuit
1351 3301 1385 3355 et
1416 3292 1521 3355 credit
1554 3292 1587 3354 in
1625 3311 1679 3354 me
1706 3311 1804 3354 :non

477 3366 643 3404 memoriam
662 3366 771 3418 agimus
790 3348 902 3402 iaceas
923 3348 1039 3402 domine
1061 3348 1097 3401 de

477 3430 568 3475 morte
586 3420 705 3474 transire
721 3421 759 3474 ad
774 3420 870 3473 uitam.
909 3419 1002 3487 Quam
1021 3418 1097 3473 olim
1151 3379 1317 3480 morietur,
1354 3380 1386 3480 5¹]
1411 3376 1631 3481 ‘llaet‘ffflum
1656 3429 1662 3442 ·
1687 3378 1806 3479 cledis

481 3500 550 3548 Com
585 3491 644 3544 Lux
668 3501 765 3544 eterna
791 3491 884 3543 luceat
911 3492 955 3543 eis
983 3489 1098 3543 domine
1149 3467 1239 3530 l¹00?
1272 3466 1335 3530 Ait
1372 3465 1419 3529 illi
1442 3517 1450 3531 .
1473 3465 1600 3550 Vtique
1637 3467 1806 3529 domine.

478 3579 543 3616 cum
556 3562 661 3615 sanctis
675 3561 730 3615 tuis
743 3559 772 3614 in
789 3572 933 3615 aeternum
951 3559 1019 3630 quia
1035 3561 1098 3629 pius
1151 3554 1227 3636 Ego
1256 3554 1382 3617 credidi
1413 3554 1491 3636 quia
1521 3562 1557 3617 tu
1591 3574 1628 3616 es
1662 3554 1806 3617 christus

478 3649 516 3686 0⁵·
1150 3641 1237 3706 filius
1266 3642 1320 3705 dei
1343 3641 1426 3722 :qui
1458 3641 1490 3704 in
1521 3640 1611 3705 hunc
1641 3642 1806 3705 mundum

462 3775 489 3833 Α
521 3775 677 3834 enisio
712 3776 789 3834 oie
823 3776 985 3844 usone
1017 3778 1077 3836 no
1151 3729 1278 3792 uenisti·

604 3858 944 3918 rnioesiuuiu.
1400 3868 1564 3917 mm

443 3974 455 4049 ΙΙ
532 3985 735 4038 UAESUMUS
762 3984 913 4036 DOMINE
941 3984 990 4035 tJT
1014 3983 1098 4033 ΑΝΙ-
1207 3969 1305 4031 desto
1335 3966 1471 4030 domine
1504 3966 1807 4049 supplicationibus

464 3994 530 4160 Q
553 4075 632 4123 MAE
652 4058 767 4123 famuli
786 4060 835 4122 tui
850 4072 895 4123 .N.
912 4059 1005 4121 cuius
1026 4057 1097 4121 obi·
1244 4054 1393 4118 nostris.
1416 4062 1450 4117 et
1480 4053 1567 4117 hanc
1597 4053 1806 4118 oblationem

443 4160 496 4213 tus
512 4149 600 4211 diem
614 4153 654 4210 ..⁸
668 4165 1096 4210 commemoramussanc·
1149 4162 1250 4225 quam
1278 4141 1338 4204 tibi
1366 4141 1536 4204 offerimus
1562 4141 1607 4204 ob
1631 4142 1722 4205 diem
1746 4141 1806 4206 de-

560 4284 622 4346 }iol.
637 4282 680 4334 162
688 4299 712 4332 v.
845 4287 854 4340 ΙΙ
866 4282 910 4333 iol.
928 4282 982 4345 163.
1397 4278 1461 4338 ltol.
1476 4276 1554 4342 163v.

491 4468 499 4501 ¹
516 4471 597 4520 There
610 4470 631 4519 is
642 4485 657 4518 a
668 4470 740 4520 small
756 4472 856 4520 manual
869 4487 936 4520 cross
951 4474 976 4520 in
991 4472 1034 4520 ihe
1047 4479 1118 4521 outer
1129 4471 1226 4536 margin
1237 4471 1300 4520 atter
1315 4472 1358 4520 the
1370 4469 1421 4519 end
1435 4469 1465 4519 oi
1477 4469 1527 4518 this
1538 4470 1617 4525 Mass,
1629 4485 1662 4518 on
1677 4467 1721 4519 16²
1739 4469 1803 4532 (15).

442 4537 498 4587 The
510 4536 649 4586 remainder
660 4535 689 4584 oi
697 4535 739 4584 the
751 4552 815 4600 page
827 4537 848 4585 is
859 4536 944 4585 blanli.
981 4538 1037 4585 The
1049 4537 1172 4587 italieized
1185 4537 1267 4586 words
1278 4552 1320 4586 are
1331 4553 1364 4585 on
1375 4551 1495 4585 erasures.

490 4601 501 4631 ²
517 4602 579 4651 This
591 4601 668 4649 Verse
680 4601 700 4650 is
715 4602 875 4650 surmounted
887 4603 920 4666 by
933 4604 1046 4652 ‘animae
1056 4618 1142 4652 eorum
1154 4603 1180 4651 iii
1191 4602 1264 4652 bonis
1274 4602 1434 4652 demorentur
1447 4610 1472 4651 et
1485 4615 1570 4651 semen
1584 4615 1670 4650 eorum
1682 4600 1807 4649 hereditet

442 4667 552 4725 terram.'
564 4666 662 4715 written
674 4666 700 4715 in
712 4666 755 4714 ink
768 4668 817 4715 and
829 4667 854 4714 in
866 4668 962 4716 cursive
973 4668 1059 4731 script.

490 4731 501 4764 ³
519 4733 587 4781 Here
594 4730 683 4780 -ulter
695 4732 777 4780 ‘diem
785 4731 896 4782 ¹-there
907 4734 928 4781 is
939 4749 955 4782 a
966 4733 1035 4782 short
1046 4749 1145 4782 erasure
1156 4733 1183 4781 in
1194 4732 1237 4782 the
1250 4733 1308 4782 MS.

489 4796 500 4828 ⁴
517 4798 573 4846 The
585 4796 643 4845 final
655 4796 772 4859 syllables
783 4796 812 4846 os
822 4801 829 4822 ‘
839 4797 968 4854 anitianss
982 4798 1098 4847 ‘famuli’
1110 4798 1159 4847 and
1175 4795 1240 4846 ‘tui’
1251 4813 1293 4847 are
1307 4797 1468 4847 surmounted
1485 4797 1519 4860 by
1531 4802 1537 4823 ⁴
1547 4794 1627 4853 abus‚'
1640 4802 1726 4845 ‘orum
1737 4794 1744 4816 ²
1755 4796 1806 4845 and

443 4862 549 4922 ‘orum’
566 4863 616 4910 and
631 4862 729 4911 ‘cuius’
747 4862 781 4925 by
799 4861 948 4927 ‘quorum’;
967 4862 1049 4912 whilst
1066 4862 1109 4912 the
1125 4863 1288 4927 penultimate
1303 4863 1371 4911 word
1390 4860 1444 4911 ‘ei'
1458 4864 1479 4912 is
1493 4863 1568 4911 made
1582 4860 1737 4911 convertible
1751 4860 1807 4910 into

443 4928 504 4979 ‘eis’
517 4929 549 4990 by
561 4928 604 5003 the
615 4927 736 5004 superseri
755 4928 808 4977 tion
820 4927 849 4975 oi
858 4928 900 4977 the
911 4928 984 4978 letter
997 4927 1044 4977 ‘s'
1077 4927 1132 4977 The
1144 4929 1220 4992 script
1237 4927 1258 4977 is
1271 4928 1345 4978 small
1359 4928 1409 4978 and
1423 4928 1498 4984 clear,
1510 4928 1561 4977 and
1575 4926 1702 4990 evidently
1713 4926 1768 4975 that
1779 4926 1810 4975 ol

443 4992 718 5133 thelttibnlicnrdbdioged
730 5028 762 5108 at·
771 5058 802 5106 its
816 5074 894 5122 upper
909 5059 957 5107 end
970 5059 1015 5108 lias
1027 5059 1090 5109 been
1102 5060 1189 5108 drawn
1201 5058 1225 5107 in
1239 5058 1281 5108 the
1292 5059 1389 5121 margin
1401 5058 1463 5107 srom
1476 5075 1492 5108 o
1513 5059 1593 5122 posite
1608 5058 1651 5107 the
1666 5057 1806 5121 beginning

440 5124 470 5175 ot'
477 5125 520 5173 the
532 5122 628 5188 Epistle
640 5123 754 5187 marking
766 5124 784 5172 it
795 5124 846 5173 and
856 5124 933 5173 about
946 5123 1000 5172 half
1008 5123 1038 5173 os
1046 5124 1099 5174 that
1112 5125 1212 5188 portion
1224 5124 1254 5173 oi'
1262 5124 1305 5174 the
1316 5124 1413 5189 Gospel
1426 5075 1510 5174 wbled
1520 5124 1565 5172 lies
1576 5138 1610 5173 on
1625 5122 1679 5187 163.
