4109 6275
709 810 749 860 IN
774 811 1007 863 NATlVlTATE
1030 814 1181 866 DOMINI.

296 1009 352 1069 ΟΕ
380 1008 575 1069 sancta
599 1009 888 1070 ΑΝΑΒΤΑΒΙΑ.
1062 1003 1105 1063 ΙΝ
1136 1003 1212 1062 ulfi
1239 1002 1299 1062 ΑΟ
1328 1001 1536 1062 Missam.

970 1123 997 1183 Ᾰ,
1032 1118 1104 1172 Puer
1116 1127 1200 1173 natus
1212 1128 1254 1174 est
1268 1120 1350 1174 nobis
1360 1130 1387 1175 et
1398 1119 1472 1173 filius
1481 1119 1565 1173 datus
1574 1125 1625 1172 est.

978 1258 1275 1457 CONCEDE
1305 1259 1363 1342 QS
1392 1259 1518 1325 Ollll’S
1546 1259 1626 1323 DS:

1109 1348 1159 1399 UT
1203 1349 1275 1400 NOS
1317 1349 1521 1400 UNIGENlTl
1560 1348 1626 1399 TUI

1108 1435 1214 1486 Noun
1232 1437 1301 1486 PER
1316 1444 1450 1487 carnem
1468 1422 1626 1486 natiuitas

971 1506 1110 1571 liberet.
1127 1530 1212 1592 quos
1234 1510 1297 1573 sub
1318 1510 1447 1593 pcccati
1469 1511 1547 1591 iugo
1571 1529 1626 1571 ue·

971 1604 1062 1659 tusta
1077 1597 1221 1661 seruitus
1236 1607 1328 1662 tenet
1341 1648 1347 1660 .
1360 1619 1420 1681 pcr
1435 1618 1509 1662 cun.
1570 1631 1575 1638 ·

522 1189 661 1239 ORATlO.

272 1314 364 1443 DA
380 1319 581 1381 quaesumus
593 1301 807 1383 omnipotens
819 1301 901 1364 deus
914 1320 921 1364 :

378 1395 414 1450 ut
447 1387 504 1468 qui
539 1387 658 1452 beatae
688 1401 921 1452 nnnsrnsmu

267 1473 422 1555 martyris
458 1483 536 1538 tuae
570 1475 720 1539 solennia
757 1475 920 1539 colimus.

266 1561 337 1623 eius
352 1560 441 1642 apud
458 1569 492 1624 te
507 1563 693 1644 patrocinia
713 1562 897 1626 sentiamus
913 1612 919 1625 .

267 1668 327 1730 per
341 1647 523 1714 dominum.

1218 1742 1382 1790 sennem.

507 1837 669 1886 εΕοΗΕΤΑ.
1045 1828 1137 1894 blata
1152 1831 1288 1894 domine
1304 1852 1442 1895 munera
1454 1851 1542 1894 noua
1556 1831 1626 1894 uni-

1069 1918 1173 1999 geniti
1191 1919 1237 1981 tui
1252 1919 1427 1982 natiuitatc
1438 1917 1626 1981 sanctifica.

971 2024 1099 2085 nosque
1137 2025 1157 2068 a
1193 2015 1405 2087 peccatorum
1438 2015 1625 2068 nostrorum

971 2092 1111 2154 maculis
1127 2094 1272 2156 emunda
1288 2142 1294 2157 .
1311 2113 1370 2175 per
1385 2113 1459 2156 eun.

272 1965 459 2093 Munera
489 1968 603 2025 nostra
632 1981 835 2043 quaesumus
861 1962 920 2025 do·

391 2049 481 2111 mine
519 2049 703 2111 natiuitatis
740 2047 921 2112 hodiernae

268 2136 433 2216 mysteriis
448 2144 529 2218 apta
544 2137 744 2218 proueniant
760 2186 767 2201 .
783 2145 819 2200 ut
835 2136 921 2200 sicut

269 2222 370 2285 homo
382 2223 573 2304 unigenitus
585 2223 673 2286 idem
687 2222 815 2288 refulsit
824 2224 920 2288 deus.
1189 2247 1411 2295 Pnnfiptinssto.

268 2309 315 2372 sic
345 2309 439 2372 nobis
466 2310 548 2373 haec
575 2319 707 2374 terrena
732 2310 921 2374 substantia
971 2327 978 2412 Ι
1065 2328 1140 2392 *upa
1161 2349 1221 2412 pes
1241 2330 1402 2393 incarnati
1424 2330 1516 2393 uerbi
1538 2350 1627 2411 mys.

268 2396 418 2461 conlerat
450 2398 541 2480 quod
576 2397 727 2461 diuinum
758 2407 809 2461 est
832 2418 840 2461 ι
863 2417 922 2480 per
987 2340 1055 2508 Q
1099 2417 1230 2480 terium·

268 2504 341 2546 eun.

1246 2559 1352 2608 ΙΝΡΗΑ.

551 2637 633 2684 nttn.
972 2645 1301 2782 Communicantes
1319 2654 1353 2707 et
1368 2644 1458 2707 diem
1475 2644 1628 2707 sacratis·

269 2754 434 2894 Accipe
459 2773 661 2835 quaesumus
687 2753 824 2817 domine
850 2773 922 2815 mn·
1072 2733 1193 2795 simum
1209 2731 1288 2796 cele·

378 2860 457 2904 nera
486 2841 664 2923 dignanter
699 2840 834 2921 loblata
857 2889 864 2904 .
887 2848 921 2903 et
1149 2866 1447 2915 ροςγροΜΜυΝιο,

269 2929 387 2992 beatae
407 2942 640 2992 ANASTASIAE
663 2927 922 3010 suffragantibus

270 3016 414 3079 meritis.
427 3016 469 3079 ad
484 3024 616 3079 nostrae
628 3015 744 3079 salutis
756 3015 920 3078 auxilium
978 2978 1028 3105 P

270 3103 442 3188 prouenire
458 3103 605 3169 concede
622 3122 630 3168 t
645 3123 711 3186 per.

1034 2978 1142 3033 raesta
1178 2989 1381 3052 quaesumus
1414 2966 1627 3049 omnipotens

1055 3057 1161 3120 deus:
1177 3067 1214 3122 ut
1237 3067 1335 3121 natus
1357 3055 1458 3120 hodie
1480 3055 1628 3119 saluatur

973 3146 1090 3209 mundi
1111 3146 1197 3209 sicut
1217 3145 1352 3209 diuinae
1373 3144 1470 3207 nobis
1490 3163 1627 3225 genera-

973 3233 1074 3296 tionis
1094 3242 1145 3297 est
1166 3244 1303 3297 auctor.
1320 3233 1416 3296 itaet
1432 3230 1627 3294 immortali-

481 3308 702 3357 ΡΗΑΕΡΗΑΤΙΟ·
972 3320 1053 3384 tatis
1068 3322 1111 3385 sit
1126 3322 1198 3403 ipse
1214 3320 1351 3402 largitor
1367 3343 1374 3382 :
1389 3320 1445 3401 qui
1462 3327 1582 3382 tecum.

339 3439 411 3489 ann
452 3438 636 3489 Amanus.
696 3425 777 3503 onia
819 3426 923 3489 nostri

368 3513 545 3577 saluatoris
560 3513 660 3576 hodie
676 3511 736 3575 lux
753 3533 831 3575 uera
848 3534 922 3595 pro·
974 3514 1019 3573 ΙΝ
1040 3512 1215 3572 ΝΑΤΑΙ.Ι
1239 3510 1421 3571 ΒΑΝΟΤΙ
1444 3509 1623 3569 STEPH-

270 3600 493 3683 cessit.quae
515 3600 605 3664 clara
628 3600 724 3664 nobis
748 3600 862 3664 omnia
888 3610 922 3664 et
1024 3596 1103 3656 ΑΝΙ
1134 3592 1570 3655 ΡΒΟΤΟΜΑΒΤΥΗΙὸ.

271 3688 440 3840 ξὲῒίὓεοῒυ
459 3688 686 3751 manifestauit
708 3695 742 3750 et
764 3687 835 3750 uisu
852 3736 860 3752 .
877 3686 922 3750 Et
970 3734 999 3790 R
1041 3729 1078 3781 Et
1102 3727 1177 3781 enim
1204 3727 1336 3781 sederunt
1360 3724 1502 3796 principes
1525 3734 1554 3780 et
1579 3726 1628 3780 ad·

306 3798 324 3840 e
347 3825 354 3840 ·
1240 3814 1360 3853 uersum.

443 3921 739 3971 postcommunio.
1091 3922 1115 3968 n
1154 3918 1265 3970 nou1s
1299 3916 1530 3981 Qunusunus
1564 3916 1629 3966 uo-

981 3923 1077 4117 D
1121 3996 1627 4068 u1nn1u1nnmououco·

354 4047 426 4110 nius
461 4065 523 4109 nos
555 4046 691 4109 domine
723 4046 924 4109 sacramenti
1121 4087 1312 4143 LIMth
1332 4078 1500 4142 discamus
1518 4078 1628 4141 etini-

390 4155 522 4217 semper
552 4134 684 4197 nouitas
719 4132 841 4196 natalis
876 4133 925 4195 in·

271 4231 398 4286 stauret
412 4272 419 4285 .
435 4223 529 4285 cuius
559 4220 718 4283 natiuitas
747 4219 925 4302 singularis

272 4310 452 4373 humanam
470 4307 614 4391 reppulit
630 4314 833 4370 uetustatem
845 4355 852 4371 .
866 4327 926 4389 per

272 4398 423 4461 eundem.

976 4168 1080 4231 micos
1103 4167 1240 4249 diligere
1256 4215 1262 4229 .
1278 4165 1357 4248 quia
1379 4165 1450 4227 eius
1472 4163 1628 4228 natalicia

975 4255 1204 4318 caelebramus
1220 4303 1226 4316 .
1242 4253 1299 4335 qui
1325 4252 1419 4315 nouit
1442 4252 1543 4315 etiam
1568 4270 1628 4333 pro

976 4340 1241 4425 persecutoribus
1271 4359 1410 4402 exorare
1429 4362 1436 4402 :
1454 4338 1627 4401 dominum

975 4439 1125 4493 nostrum
1142 4428 1255 4491 iesum.

550 4545 631 4593 ΑΗΑ·
1216 4583 1379 4631 sconem.

267 4658 435 4794 Satiasti
469 4656 606 4720 domine
641 4655 801 4720 familiam
831 4664 925 4720 tuam
1029 4664 1142 4745 uscipe
1168 4679 1369 4744 quaesumus
1396 4659 1531 4722 domine
1558 4677 1630 4722 mu-

361 4744 552 4810 muneribus
581 4744 683 4807 sacris
698 4793 705 4808 .
723 4744 795 4807 eius
825 4763 926 4826 quae·
972 4678 1018 4809 S
1059 4770 1138 4814 nera
1169 4769 1230 4832 pro
1262 4756 1396 4810 tuorum
1426 4765 1630 4809 commemo·

272 4854 387 4898 sumus
420 4852 553 4914 semper
586 4831 831 4894 interuentione
865 4851 926 4894 nos
977 4839 1105 4902 ratione
1135 4844 1326 4900 sanctornm
1343 4885 1349 4898 .
1367 4842 1403 4897 ut
1432 4834 1523 4916 quod
1558 4831 1632 4897 illos

275 4922 386 4985 reloue
401 4970 408 4984 .
425 4920 519 4983 cuius
534 4919 685 4981 solennia
701 4917 928 4982 celebramus.
977 4924 1089 5008 passio
1104 4923 1267 5007 gloriosos
1282 4920 1383 4985 efficit
1395 4971 1402 4984 .
1415 4940 1477 4982 nos
1492 4921 1632 4984 deuotio

274 5030 340 5092 per.
978 5013 1095 5076 reddat
1112 5013 1291 5074 innocuos:
1305 5030 1372 5091 per.

541 5168 550 5220 ΙΙ
562 5162 606 5212 lol.
622 5177 660 5212 rr.
1243 5156 1302 5217 llol.
1318 5172 1345 5205 rr
1358 5172 1383 5204 u.
