4109 6275
463 803 522 865 ¹¹4
920 792 970 842 on
994 790 1140 841 snucro
1164 787 1365 839 nenounuo.

638 975 928 1029 POSTOOMMUNJO
1165 964 1320 1029 natalicia
1337 964 1452 1028 uotiua
1469 961 1672 1026 laetificent.
1690 970 1725 1024 et
1742 981 1821 1023 suae

520 1062 587 1126 eati
610 1059 801 1143 archangeli
829 1058 877 1122 tui
906 1068 1113 1120 MchnELIS
1166 1074 1226 1116 nos
1252 1051 1423 1116 beneficiis
1451 1048 1697 1114 intercessionis
1723 1046 1821 1111 attol-

543 1149 779 1212 intercessione
791 1144 917 1209 suffulti
928 1193 935 1209 .
946 1142 1114 1226 supplices
1166 1140 1260 1204 lant:
1276 1159 1343 1222 per.

458 1246 493 1300 te
516 1236 652 1299 domine
678 1235 916 1316 ldeprecamur
936 1280 943 1295 .
962 1240 999 1295 ut
1022 1227 1113 1312 quod
1414 1243 1579 1293 stettein.

459 1344 516 1387 Ore
546 1323 777 1406 PsOSeqUimuf
793 1370 800 1385 ·
815 1320 1051 1400 ⁶0¹¹ti⁰g³mu⁸
1081 1324 1116 1378 et
1242 1340 1388 1404 flerimus
1411 1338 1472 1403 tibi
1495 1340 1633 1404 domine
1653 1357 1770 1422 preces
1789 1346 1822 1400 et

460 1420 573 1474 menie
591 1433 598 1472 ²
614 1430 680 1493 Pes·
1264 1448 1402 1491 munera
1441 1428 1474 1490 in
1517 1427 1677 1489 honorem
1717 1423 1821 1487 sancti

1167 1515 1327 1579 antistitis
1350 1515 1398 1578 tui
1423 1526 1587 1578 HONORII
1614 1513 1822 1596 gaudentes.

500 1589 558 1648 ΒΕ
591 1584 789 1648 3ΑΝοΤΟ
821 1580 1084 1643 ΙΕΗΟΝΙΜΟ·
1168 1611 1302 1686 praesta
1323 1621 1527 1685 quaesumus
1550 1611 1587 1664 ut
1611 1611 1645 1664 et
1668 1599 1824 1663 conueni-

723 1701 862 1752 onntto.
1168 1699 1263 1753 enter
1293 1688 1374 1752 haec
1405 1709 1505 1772 agere
1535 1738 1543 1752 .
1573 1700 1607 1752 et
1641 1686 1823 1751 remedium

537 1809 607 1859 EUS
652 1806 719 1870 Qm
766 1790 891 1856 BEAT1¹
935 1804 1117 1854 1ERON1M1
1168 1779 1410 1860 sempiternum
1432 1775 1604 1840 ualeamus
1624 1774 1824 1856 adquirere:

559 1891 706 1945 mentem
729 1881 857 1962 gratiae
879 1888 958 1943 tuae
981 1899 1118 1942 munere
1168 1885 1235 1948 per·

462 1968 704 2053 inspirastl.et
734 1988 793 2050 per
821 1986 897 2030 eum
929 1967 1117 2030 diuinarum
1391 1963 1614 2014 ΡΗΑΕΡΗΑΤΙΟ.

463 2058 699 2139 scripturarum
731 2055 948 2117 sacramentis
984 2063 1117 2121 tuorum
1241 2079 1315 2129 ERE
1337 2070 1554 2128 AETERNE⁸.
1572 2064 1617 2127 Et
1640 2075 1736 2127 tuam
1763 2061 1824 2126 cle,

465 2143 611 2208 fidelium
645 2151 774 2205 mentes
805 2141 991 2205 instruxisti
1018 2140 1119 2203 :eius
1264 2154 1424 2216 mentiar„
1485 2151 1598 2235 pronis
1658 2149 1824 2214 mentibus

463 2251 666 2314 quaesumus
682 2230 871 2292 interuentu
888 2249 948 2291 nos
964 2237 1119 2291 aeternae
1172 2261 1312 2304 exorare
1346 2262 1353 2302 :
1384 2248 1420 2302 ut
1461 2239 1552 2303 beati
1593 2236 1825 2321 archipresulis

465 2317 651 2418 dulcedinis
678 2327 756 2380 tuae
783 2315 875 2379 sonte
900 2315 1021 2378 satiare
1048 2313 1120 2397 dig·
1173 2340 1338 2391 HONORII
1376 2327 1503 2389 meritis
1533 2374 1540 2390 ,
1571 2328 1697 2389 tribuas
1731 2324 1825 2387 nobis

466 2426 554 2469 nerls
570 2453 577 2469 ·
594 2425 660 2488 per·
1173 2426 1330 2478 aeternae
1357 2413 1573 2477 beatitudinis
1600 2413 1803 2477 consortium
1821 2434 1828 2473 :

716 2495 879 2545 ΘΕΟΗΕΤΑ·
1174 2512 1208 2566 et
1224 2522 1411 2565 mereamur
1426 2520 1502 2564 cum
1519 2522 1559 2564 eo
1579 2500 1738 2564 interesse
1756 2519 1827 2562 cae·

478 2587 656 2715 Munera
675 2588 808 2642 nostrae
828 2577 1018 2641 deuotionis
1036 2597 1124 2660 quae
1175 2589 1314 2652 testibus
1356 2588 1464 2652 choris
1504 2587 1701 2671 angelorum
1734 2610 1741 2650 :
1771 2607 1829 2669 per

577 2667 609 2730 in
626 2666 716 2729 beati
733 2678 912 2728 1ERON1M1
925 2663 1123 2728 confessoris
1176 2676 1333 2741 christum
1358 2675 1541 2740 dominum,

468 2756 517 2820 tui
545 2755 727 2818 lestiuitate
754 2763 832 2816 tuae
859 2753 1025 2816 maiestati
1053 2771 1125 2814 om·

468 2844 623 2926 nipotens
636 2840 718 2904 deus
730 2838 910 2903 deserimus
922 2888 929 2903 .
941 2840 1012 2903 eius
1024 2858 1125 2922 quae·
1356 2822 1654 2873 postcommunio.

469 2950 584 2993 sumus
597 2925 894 2991 interuenientibus
910 2927 1053 2989 meritis.
1064 2945 1125 2988 nos
1253 2923 1446 2982 uaesumus‘
1457 2917 1672 3001 omnipotens
1683 2918 1767 2981 deus
1779 2928 1830 2980 :ut

470 3025 631 3099 perpetua
647 3014 857 3098 protectione
872 3015 1125 3096 muniant.per.
1180 2926 1247 3093 Q
1270 3026 1329 3089 per
1347 3006 1429 3068 haec
1447 3026 1541 3069 sacro
1560 3015 1676 3068 Sancta
1694 3002 1830 3087 myllste·

1179 3094 1226 3157 ria
1252 3113 1339 3176 quae
1365 3093 1591 3177 sumpsimus.
1609 3092 1831 3157 intercedente

532 3163 712 3234 [mmm
728 3163 873 3232 ΜΨ]
890 3163 938 3215 ''i'‘
954 3156 1063 3230 ‘imi‘
1178 3182 1278 3246 beato
1324 3194 1500 3245 HONORIO
1540 3180 1730 3244 consessore
1775 3189 1831 3243 tuo

652 3295 950 3345 postcommunto.
1179 3280 1281 3370 atque
1311 3266 1468 3369 pontifice
1491 3275 1732 3351 ,peccatorum
1764 3287 1831 3331 om-

473 3384 661 3511 iRepleti
677 3383 836 3446 alimonia
852 3381 986 3445 caelesti
1003 3432 1009 3445 .
1026 3402 1127 3464 quae.
1180 3376 1271 3420 nrum
1292 3374 1424 3419 ueniam
1444 3356 1603 3439 consequi
1625 3375 1830 3419 mereamur.

579 3490 696 3535 sumus
707 3469 843 3532 domine
854 3479 889 3532 ut
901 3469 1128 3532 intercedente
1180 3464 1247 3527 pes·

474 3559 574 3622 beato
605 3570 794 3620 IERONIMO
824 3554 1012 3619 confessore
1042 3566 1127 3620 tuo.

475 3643 718 3710 misericordiae
755 3653 834 3708 tuae
871 3644 1014 3727 gratiam
1049 3663 1128 3707 con·
1184 3636 1495 3700 sanctonum
1540 3632 1732 3693 aemiuli
1776 3630 1832 3689 ΕΤ

474 3733 567 3816 sequi
591 3750 779 3796 mereamur
796 3754 803 3794 :
819 3751 885 3814 per.
1391 3716 1632 3779 (ΞΕΗΜΑΝΙ.

1235 3849 1446 3900 ANCTORUM
1468 3849 1742 3901 CONFESSORUM
1764 3845 1833 3900 tuo·

530 3923 588 3983 DE
627 3920 823 3982 8ΑΝοΤΟ
861 3917 1085 3980 ΗΟΝΟΗΙΟ
1259 3944 1331 3987 rum
1360 3936 1510 3988 nemon
1537 3933 1638 4005 atque
1662 3936 1834 3987 osanam

598 3999 1013 4063 ΑΗΟΗΙΕΡΙΒΟΟΡΟ·
1183 4011 1416 4095 episcoporum
1458 4030 1520 4073 nos
1561 4011 1698 4074 domine
1740 4012 1836 4074 beata

530 4120 645 4171 ANCTI
677 4118 748 4169 NOS
782 4117 933 4167 DOMINE
967 4117 1131 4168 110NOR11
1184 4098 1302 4162 merita
1315 4106 1622 4181 prosequantur.et
1637 4108 1837 4181 tuosemper

553 4193 749 4257 confessoris
770 4191 818 4255 tui
840 4200 942 4273 atque
965 4191 1133 4273 pontificis
1183 4185 1308 4249 saciant
1323 4205 1436 4249 amore
1452 4183 1617 4249 feruentes
1636 4208 1643 4249 :
1659 4206 1726 4268 per.

609 4328 618 4378 ΙΙ
628 4320 671 4370 fol.
687 4336 740 4383 ¹²3·
848 4319 910 4380 llol.
925 4333 1002 4385 regn.
1444 4326 1454 4382 ΙΙ
1467 4322 1510 4373 fol.
1529 4338 1582 4385 1²4.

529 4466 538 4498 ¹
555 4465 691 4515 Traversed
704 4464 789 4515 circlet
800 4464 827 4514 in
839 4471 910 4514 outer
921 4465 1025 4530 margin.

529 4531 540 4562 ²
556 4532 639 4581 There
655 4547 697 4580 are
714 4540 764 4580 two
781 4530 882 4580 manual
898 4546 1001 4590 crosses,
1020 4530 1111 4580 almost
1128 4532 1279 4589 coincident‚
1297 4533 1412 4597 opposite
1429 4531 1471 4581 the
1488 4532 1625 4609 beginning
1643 4532 1673 4581 ol
1693 4533 1734 4583 the
1754 4533 1837 4583 erased

482 4598 591 4658 Preiace,
607 4597 649 4646 the
666 4605 718 4646 text
735 4596 763 4645 ol
778 4596 860 4645 which
876 4595 960 4645 would
976 4596 1008 4645 be
1023 4595 1116 4660 legible
1132 4598 1204 4647 throu
1222 4597 1283 4647 hout
1299 4598 1345 4647 but
1360 4597 1398 4646 lor
1413 4597 1455 4646 the
1470 4606 1568 4663 teanug
1582 4614 1653 4675 away
1666 4598 1696 4647 ol
1709 4614 1724 4648 n
1738 4599 1801 4676 strip
1815 4598 1843 4648 ot'

481 4663 625 4715 membrane
640 4661 702 4711 lrom
720 4661 762 4711 the
778 4661 873 4711 surlace
888 4661 917 4710 ol
929 4661 972 4710 the
987 4661 1086 4711 written
1102 4678 1173 4727 page.
1232 4663 1264 4712 he
1274 4662 1353 4712 lesion
1365 4662 1410 4712 has
1420 4663 1573 4728 completely
1583 4664 1678 4713 carneri
1689 4664 1729 4713 oli
1740 4680 1773 4713 an
1785 4664 1840 4714 meh

481 4730 510 4779 ol
524 4737 576 4779 text
593 4727 656 4777 lrom
673 4727 729 4776 lour
744 4727 901 4776 consecutive
918 4726 989 4786 lines,
1011 4726 1114 4795 16-19.
1150 4728 1226 4777 What
1243 4730 1350 4778 remains
1367 4728 1397 4785 is,
1411 4728 1509 4778 besides
1527 4728 1569 4778 the
1586 4729 1668 4779 rubric
1684 4730 1735 4779 and
1752 4730 1837 4789 initiat,

481 4811 509 4844 as
524 4794 621 4844 follows
628 4795 818 4841 :-‘nn'rssltwn
834 4791 884 4854 Qui
899 4792 1035 4842 aecclesiae
1049 4800 1107 4843 tuae
1122 4793 1188 4842 fiilos
1199 4793 1266 4843 beati
1283 4806 1312 4843 ln
1361 4794 1437 4843 sacris
1451 4794 1573 4844 doctrinis
1587 4794 1679 4844 imbuis
1693 4802 1718 4845 et
1732 4795 1802 4844 diuin

481 4861 656 4923 scripturarum
678 4874 690 4906 s
709 4857 847 4906 iritualibus
865 4856 1052 4907 archanis...s.
1065 4866 1090 4907 et
1112 4867 1200 4908 contra
1221 4859 1360 4908 infidelium
1383 4875 1513 4909 errores...
1539 4859 1732 4925 propugnaculis
1755 4861 1842 4924 iugiter

483 4924 610 4974 delendis:
628 4938 673 4987 per
683 4873 813 4971 ciminum
825 4920 957 4972 nostrum)

531 4988 542 5021 ³
559 4988 663 5037 Mauual
678 5003 746 5038 cross
761 4987 787 5036 in
802 4987 907 5050 margin.
941 4987 996 5037 'Ihe
1011 5004 1110 5039 erasure
1125 5004 1159 5038 on
1174 4989 1217 5039 the
1227 4989 1300 5039 other
1310 4990 1365 5040 side
1375 4989 1405 5039 ol
1418 4989 1460 5040 the
1472 4989 1525 5039 leat
1532 4990 1635 5054 obliged
1645 4991 1689 5040 the
1699 4991 1842 5056 destroying

483 5054 553 5103 imile
564 5062 591 5102 to
602 5068 674 5116 spare
686 5051 735 5101 this
748 5051 856 5101 Prelace.

532 5118 542 5147 ⁴
558 5120 584 5168 A
595 5133 662 5167 mere
676 5118 730 5180 ‘Q'
743 5117 853 5181 replaces
864 5116 889 5166 in
902 5116 944 5167 the
957 5119 1014 5169 MS.
1027 5119 1071 5169 the
1082 5121 1153 5170 usual
1165 5120 1341 5185 compendium
1354 5119 1383 5170 ot'
1392 5125 1398 5147 ⁸
1407 5120 1583 5183 Quaesumus.¹
