4109 6275
450 802 508 879 138

445 985 663 1051 castimoniae
687 1003 803 1066 pacem
827 981 997 1045 mentibus
1024 999 1100 1042 nos·

446 1077 505 1138 tris
528 1082 630 1155 atque
652 1071 847 1154 corporibus
873 1067 1101 1131 intercedente

447 1170 563 1224 sancta
593 1160 722 1241 uirgine
754 1171 875 1221 MARIA
901 1156 1101 1238 propitiatus

447 1247 660 1329 indulge.ut
691 1246 846 1309 ueniente
877 1262 1001 1326 sponso
1032 1239 1101 1303 filio

448 1345 507 1398 tuo
523 1335 712 1416 unigenito,
726 1332 874 1396 accensis
890 1329 1103 1412 lampadibus

448 1424 518 1484 eius
541 1422 634 1502 digni
659 1420 881 1503 prestolemur
903 1435 1103 1480 occursum:

449 1510 506 1592 qui
523 1517 643 1571 tecum.

454 1709 499 1770 ΙΝ
533 1706 724 1767 ΝΑΤΑΙ.Ε
755 1704 1106 1767 Doliturum.

707 1825 846 1873 ΟΗΑΤΙΟ,

401 1936 404 1943 ·
459 1935 598 2066 Deus
611 1931 678 1996 QUI
691 1918 807 1982 salutis
821 1926 975 1980 aeternae
987 1917 1107 1979 beatae

549 2021 694 2071 MARIAE
720 2005 913 2086 uirginitate
944 2002 1108 2066 faecunda

452 2097 600 2159 humano
615 2094 728 2176 generi
745 2093 872 2174 premia
888 2091 1083 2173 praestitisti
1100 2141 1106 2152 ,

452 2184 561 2247 tribue
591 2200 794 2264 quaesumus
830 2189 867 2242 ut
902 2178 1008 2263 ipsam
1047 2196 1107 2258 pro

454 2270 551 2333 nobis
575 2266 779 2332 intercedere
801 2266 986 2329 sentiamus
1004 2315 1010 2328 .
1026 2284 1107 2346 per.

453 2377 554 2441 quam
595 2355 774 2418 meruimus
812 2363 981 2416 auctorem
1019 2353 1108 2415 uitae

452 2445 621 2526 suscipere
634 2442 825 2504 :dominum
839 2448 988 2502 nostrum
1002 2440 1107 2501 iesum

454 2531 614 2594 christum
632 2528 736 2591 filium
753 2538 858 2591 tuum.

699 2689 862 2737 SECRETA.

460 2763 702 2900 Muneribus
744 2762 866 2824 nostris
907 2779 1111 2843 quaesumus

567 2851 704 2915 domine
732 2849 951 2931 precibusque
978 2867 1111 2929 suscep-

457 2939 500 3003 tis
516 2946 570 3001 .et
585 2936 786 3000 caelestibus
802 2956 863 2998 nos
880 2935 1006 2997 munda
1022 2954 1112 3015 mys-

458 3026 549 3089 teriis
562 3075 568 3087 .
581 3034 615 3087 et
632 3043 691 3105 per
707 3023 976 3086 intercessionem
994 3020 1113 3085 beatae

458 3113 512 3178 dei
549 3112 718 3195 genitricis
756 3120 901 3174 MARIAE
932 3108 1114 3172 clementer

459 3201 583 3264 exaudi
603 3219 685 3281 :per
707 3199 860 3261 eundem.

633 3359 931 3407 postcommunio

463 3445 602 3571 Haec
641 3448 702 3490 nos
743 3427 936 3491 communio
978 3425 1116 3490 domine

567 3525 686 3598 purget
712 3536 732 3577 a
759 3514 913 3593 lerimine
929 3562 936 3575 .
952 3522 986 3576 et
1016 3513 1116 3575 inter-

462 3604 603 3667 cedente
615 3602 714 3665 beata
730 3602 783 3665 dei
799 3602 959 3682 genitrice
976 3612 1116 3661 MARIA.

463 3690 615 3753 caelestis
643 3689 778 3751 remedii
807 3689 906 3750 faciat
935 3707 1008 3749 esse
1039 3706 1116 3749 con-

463 3787 591 3840 sortes.
608 3796 667 3858 per
689 3776 840 3838 eundem.

626 3963 685 4022 ΟΕ
717 3962 944 4022 Anseris.

457 4085 478 4141 ll
520 4088 683 4144 Benedicite
713 4086 860 4140 dominum
893 4100 993 4138 ornnes
1025 4084 1119 4152 angeli

500 4161 562 4215 eius
574 4169 704 4230 potentes
717 4158 818 4211 uirtute
831 4155 879 4225 qui
893 4154 985 4209 facitis
1002 4155 1120 4209 uerbum

501 4232 561 4286 eius
583 4230 619 4284 ad
641 4227 814 4284 audiendam
835 4242 935 4280 uocem
957 4241 1120 4281 sermonum

501 4301 568 4356 eius.
601 4307 636 4354 Pe
667 4298 799 4354 Benedic

726 4423 736 4476 ΙΙ
747 4418 791 4468 fol.
806 4433 860 4482 ¹5¹·

723 808 773 858 DE
797 806 944 858 SANCTA
968 805 1111 854 unuln:
1142 802 1182 852 ΙΝ
1209 802 1361 853 NATALE
1385 801 1535 851 DOMINI.

1411 987 1548 1035 ΟΒΑΤΙΟ.

1163 1091 1389 1221 perpetuum
1429 1080 1525 1144 nobis
1558 1080 1696 1142 domine
1730 1088 1811 1141 tuae

1238 1168 1459 1232 miserationis
1497 1177 1630 1251 praesta
1666 1165 1811 1229 subsidi-

1155 1277 1211 1320 um
1225 1306 1232 1319 .
1244 1253 1380 1340 quibus¹
1395 1265 1430 1319 et
1444 1256 1597 1337 angelica
1613 1253 1810 1336 praestitisti

1155 1342 1313 1427 suffragia
1329 1363 1394 1406 non
1411 1345 1527 1408 deesse
1546 1366 1552 1405 :
1569 1363 1635 1424 per.

1298 1528 1461 1578 ΙΟΗΑΝΝΙΒ
1493 1526 1674 1577 apostoli.

1165 1653 1225 1785 ΙΝ
1254 1638 1372 1702 diebus
1399 1636 1463 1699 illis
1486 1661 1493 1700 :
1518 1635 1616 1698 Dixit
1645 1635 1725 1697 mihi
1753 1655 1813 1698 an·

1222 1725 1346 1808 gelus.
1370 1725 1515 1791 Scribe.
1540 1723 1635 1786 Beati
1672 1723 1728 1805 qui
1767 1724 1812 1786 ad

1158 1833 1297 1876 caenam
1345 1812 1535 1894 nuptiarum
1578 1811 1655 1894 agni
1701 1810 1813 1873 uocati

1159 1910 1237 1964 sunt
1254 1948 1259 1960 .
1278 1899 1324 1964 Et
1338 1900 1428 1963 dixit
1446 1898 1551 1962 mihi.
1571 1898 1665 1960 Haec
1685 1898 1787 1961 uerba
1807 1920 1816 1959 t

1160 1987 1262 2051 uerba
1297 1988 1350 2051 dei
1386 1996 1494 2050 sunt.
1520 1985 1566 2048 Et
1598 1986 1701 2048 cecidi
1733 1994 1815 2048 ante

1161 2075 1264 2157 pedes
1284 2076 1355 2138 eius
1374 2099 1380 2136 :
1396 2084 1433 2137 ut
1454 2074 1626 2137 adorarem
1648 2092 1749 2136 eum.
1767 2072 1816 2135 Et

1160 2163 1248 2227 dixit
1271 2162 1351 2225 mihi
1367 2210 1375 2225 .
1393 2161 1482 2225 Uide
1506 2180 1547 2223 ne
1571 2159 1707 2223 feceris.
1725 2160 1816 2223 Con·

1161 2270 1276 2312 seruus
1291 2259 1369 2312 tuus
1385 2269 1458 2312 sum
1475 2257 1510 2311 et
1525 2248 1662 2310 fratrum
1679 2256 1815 2309 tuorum

1161 2336 1356 2401 habentium
1369 2335 1597 2401 testimonium
1614 2334 1682 2397 iesu
1697 2336 1816 2399 :deum

1161 2425 1272 2487 adora.

1163 2586 1245 2651 Resp.
1277 2584 1442 2640 Benedicite
1454 2584 1601 2639 dominum
1613 2601 1713 2639 omnes
1722 2584 1819 2654 angeli

1199 2657 1259 2710 eius
1271 2664 1402 2726 potentes
1415 2656 1518 2710 uirtute
1530 2656 1578 2726 qui
1591 2654 1683 2710 facitis
1698 2656 1820 2711 uerbum

1199 2729 1267 2782 eius.
1292 2729 1364 2781 Ucrs
1383 2726 1506 2782 Benedic
1518 2726 1614 2780 anima
1627 2743 1691 2780 mea
1700 2726 1819 2781 domino

1200 2808 1227 2851 et
1240 2798 1336 2852 omnia
1348 2799 1482 2853 interiora
1494 2814 1558 2852 mea
1571 2814 1674 2852 nornen
1687 2809 1820 2852 sanctum

1200 2870 1267 2924 eius.
1303 2868 1447 2924 Alleluia¹.

1392 3032 1584 3081 ΙΟΗΑΝΝΕΜ.

1168 3161 1235 3293 ΙΝ
1264 3146 1327 3209 illis
1346 3146 1535 3210 :Ascendit
1561 3147 1649 3209 iesus
1674 3145 1823 3208 ierosoli-

1231 3255 1350 3298 mam.
1375 3233 1437 3296 Est
1474 3244 1587 3297 autem
1625 3233 1824 3297 ierosolimis

1168 3322 1342 3405 probatica
1372 3321 1499 3402 piscina
1529 3341 1616 3402 quae
1651 3323 1824 3403 cognomi-

1170 3419 1268 3473 natur
1301 3408 1455 3472 hebraice
1486 3406 1677 3471 bethsaida¹
1692 3432 1700 3470 z
1716 3407 1825 3493 lquin-

1169 3517 1235 3580 que
1251 3495 1399 3579 porticus
1413 3495 1559 3560 habens.
1574 3496 1613 3558 ln
1630 3496 1681 3558 his
1693 3496 1824 3559 iacebat

1171 3583 1353 3647 multitudo
1391 3602 1514 3664 magna
1552 3582 1782 3665 languentium
1818 3606 1826 3644 :

1170 3689 1345 3734 caecorum
1366 3720 1372 3733 .
1393 3668 1612 3734 claudorum.
1631 3672 1825 3736 aridorum.

1170 3758 1425 3839 expectantium
1449 3776 1557 3839 aquae
1582 3767 1734 3821 motum.
1752 3757 1826 3820 An-

1171 3845 1265 3927 gelus
1310 3852 1423 3907 autem
1468 3844 1595 3906 domini
1640 3845 1827 3909 secundum

1171 3942 1306 4013 tempus
1327 3931 1554 3994 descendebat
1578 3933 1611 3994 in
1637 3932 1828 4014 piscinam:

1172 4028 1206 4083 et
1230 4017 1427 4081 mouebatur
1453 4037 1563 4100 aqua.
1581 4018 1626 4082 Et
1653 4021 1709 4103 qui
1737 4020 1830 4102 prior

1172 4104 1399 4169 descendisset
1415 4106 1448 4168 in
1465 4105 1626 4186 piscinam
1639 4116 1716 4189 post
1729 4108 1829 4170 moti·

1172 4211 1272 4255 onem
1288 4211 1396 4274 aquae
1412 4214 1420 4255 ε
1438 4211 1538 4255 sanus
1555 4191 1656 4258 fiebat
1672 4217 1679 4257 :
1695 4192 1730 4257 a⁴
1745 4215 1830 4277 qua·

1173 4299 1305 4361 cunque
1320 4279 1534 4342 detinebatur
1549 4278 1750 4345 infirmitate.

1426 4417 1484 4479 lfol
1501 4433 1579 4481 ¹5¹0·

518 4606 527 4638 ¹
545 4604 669 4670 Opposite
680 4603 743 4653 lines
756 4616 843 4665 7-14‚
858 4602 907 4651 end
920 4602 946 4651 in
958 4602 1001 4651 the
1012 4608 1084 4651 outer
1095 4617 1148 4651 mar
1167 4602 1202 4658 ἠ,
1213 4602 1234 4651 is
1245 4603 1289 4652 the
1300 4602 1438 4668 following,
1450 4603 1475 4652 iu
1487 4603 1575 4653 elenen
1586 4604 1656 4654 short
1667 4604 1731 4654 lines
1741 4623 1783 4655 :-

519 4674 589 4722 Deus
604 4670 647 4735 qui
663 4669 727 4718 miro
741 4668 829 4718 ordine
844 4667 990 4733 angelorum
1005 4667 1143 4717 ministeria
1177 4668 1340 4733 ominumque
1356 4669 1486 4733 dispenses
1497 4702 1505 4717 .
1516 4670 1627 4719 concede
1643 4670 1773 4735 propicius
1786 4681 1837 4723 :ut

470 4738 560 4804 quibus
582 4735 628 4785 tibi
648 4733 845 4784 ministrantibus
864 4734 890 4782 in
910 4733 965 4782 celo
983 4748 1083 4796 semper
1101 4733 1224 4783 assistitur
1236 4768 1243 4783 .
1255 4734 1288 4783 ab
1307 4733 1347 4782 bis
1369 4734 1395 4784 in
1415 4742 1481 4783 terre
1500 4733 1553 4784 uita
1575 4743 1660 4785 nostru
1682 4736 1836 4790 munietur:

471 4819 515 4870 per
531 4801 671 4852 dominum.

518 4864 530 4897 ³
546 4865 671 4931 Opposite
682 4864 733 4913 line
748 4878 784 4927 ιγ,
797 4863 846 4912 and
859 4863 884 4912 in
897 4863 928 4926 a}
939 4862 1008 4912 short
1021 4862 1093 4920 lines,
1105 4862 1127 4912 is
1137 4863 1180 4912 the
1192 4862 1322 4928 following
1332 4880 1372 4913 :-

759 4929 787 4977 ln
799 4937 934 4993 conspectu
946 4928 1092 5003 angelorum
1104 4928 1211 4992 psallam
1223 4928 1269 4978 tibi
1280 4928 1383 4978 domine
1394 4928 1456 4979 deus
1468 4944 1546 4979 meus.

521 4994 531 5025 ¹
548 4998 583 5046 At
595 4994 638 5044 the
650 4994 702 5044 foot
714 4992 743 5042 of
752 4994 794 5042 the
806 5008 878 5058 page.
890 4992 1062 5056 immediately
1073 4994 1156 5042 below
1168 4993 1218 5042 line
1230 5009 1262 5044 ao
1273 4994 1294 5042 is
1306 4994 1349 5045 the
1360 4993 1490 5059 following
1498 5009 1534 5040 :-

716 5078 771 5106 uere
786 5063 813 5106 ln
827 5071 960 5122 conspectu
973 5062 1118 5124 angelorum
1132 5063 1237 5124 psallam
1251 5061 1294 5108 libi
1308 5060 1410 5108 dulillne
1423 5059 1485 5106 (leus
1498 5074 1575 5105 luetis.

521 5124 533 5155 ⁴
549 5125 646 5174 Accent
658 5139 718 5172 over
732 5123 776 5172 ‘a'
788 5124 813 5171 in
827 5124 883 5173 MS.
920 5122 976 5172 The
988 5124 1057 5171 word
1070 5124 1127 5172 isat
1139 5124 1182 5173 the
1193 5123 1243 5173 end
1254 5124 1283 5172 of
1291 5140 1307 5172 a
1317 5124 1375 5174 line.
