4109 6275
783 784 913 835 canon
939 784 1081 837 wrssan.
1570 792 1612 855 43

253 951 372 1036 fregit.
390 954 483 1019 dedit
503 956 675 1040 discipulis
695 959 763 1021 suis
784 960 907 1025 dicens.
957 961 1039 1025 haec
1080 962 1215 1045 perferri
1253 985 1312 1047 per
1349 984 1468 1028 manus
1505 964 1612 1028 sancti

253 1042 398 1124 Accipite
438 1052 472 1106 et
514 1046 716 1109 manducate
757 1068 801 1110 ex
842 1047 907 1112 hoc
957 1050 1067 1132 angeli
1091 1052 1139 1114 tui
1164 1052 1199 1115 in
1225 1051 1358 1115 sullime
1384 1051 1489 1117 altare
1516 1061 1611 1115 tuum

253 1148 377 1192 omnes
424 1130 501 1193 Hoc
532 1130 597 1196 est¹
628 1153 748 1217 corpus
784 1154 905 1198 meum.
957 1136 989 1198 in
1033 1149 1214 1221 conspectu
1254 1141 1389 1203 diuinae
1428 1140 1613 1203 maiestatis

253 1216 363 1281 Simili
398 1220 500 1281 modo
530 1227 721 1303 postquam²
749 1232 905 1285 cenatum
956 1232 1034 1287 tuae
1051 1276 1057 1289 .
1074 1236 1111 1289 ut
1141 1235 1308 1309 quotquot
1339 1247 1383 1290 ex
1410 1226 1472 1291 hac
1499 1227 1613 1291 altaris

253 1313 325 1366 est.
342 1307 507 1388 accipiens
530 1318 565 1371 et
586 1307 675 1372 hunc
698 1309 904 1391 praeclarum
956 1313 1213 1396 participatione
1242 1336 1337 1379 sacro
1369 1324 1523 1378 sanctum
1555 1313 1612 1377 filii

253 1391 388 1454 calicem
414 1393 446 1456 in
474 1405 607 1458 sanctas
634 1417 673 1459 ac
700 1397 906 1461 uenerabiles
957 1399 1005 1462 tui
1050 1408 1150 1468 corn<
1169 1422 1232 1484 pus
1277 1412 1311 1466 et
1355 1403 1611 1486 sannguinem

254 1481 572 1545 manussuas.item
591 1483 789 1566 tibigratias
802 1505 905 1568 agens
955 1489 1228 1569 sumpserimus.
1254 1490 1345 1553 omni
1378 1490 1612 1554 benedictione

253 1565 607 1634 bene-hdixitdedit
635 1571 808 1655 discipulis
838 1573 905 1636 suis
956 1574 1091 1639 caelesti
1122 1586 1155 1639 et
1186 1578 1294 1660 gratia
1325 1576 1512 1660 repleamur
1530 1628 1537 1642 .
1553 1597 1614 1658 per

253 1653 373 1717 dicens.
418 1657 565 1740 Accipite
582 1667 617 1722 et
637 1659 742 1723 bibite
763 1681 807 1723 ex
828 1657 905 1724 ιο..8
955 1663 1100 1726 eundem
1134 1663 1294 1729 christum
1331 1665 1504 1729 dominum
1536 1685 1612 1727 nos·

253 1762 378 1806 omnes.
424 1744 483 1807 Hic
513 1755 564 1809 est
593 1747 682 1809 enim
714 1747 803 1811 calix
829 1768 904 1811 san-
955 1758 1052 1813 trum.
1118 1754 1293 1816 Memento
1332 1753 1434 1816 etiam
1476 1753 1613 1816 domine

251 1829 361 1911 guinis
384 1831 449 1895 mei
473 1833 551 1896 noui
575 1843 608 1896 et
636 1836 761 1898 aeterni
792 1833 904 1919 {testa
953 1833 1170 1902 ‘famulorum
1219 1839 1486 1922 famularumque
1539 1848 1612 1903 tua-

253 1918 592 2001 menti.mysterium
632 1920 804 2006 fidei.qui
844 1944 905 2007 pro
955 1945 1028 1988 rum
1053 1975 1060 1990 .
1086 1925 1118 1988 N
1145 1976 1152 1989 .
1177 1927 1235 2010 qui
1269 1948 1330 1991 nos
1361 1934 1612 2010 praecesserunt

253 2005 348 2069 uobis
371 2015 405 2070 et
428 2027 488 2089 pro
515 2008 629 2073 multis
655 2008 845 2074 effundetur
871 2012 904 2074 in
955 2032 1031 2076 curn
1066 2014 1163 2097 signo
1197 2014 1275 2080 fidei
1309 2024 1343 2078 et
1374 2015 1546 2078 dormiunt
1578 2014 1611 2077 in

254 2093 480 2158 remissionem
523 2106 745 2179 peccatorum.
809 2098 905 2162 Haec
955 2119 1075 2163 somno
1095 2102 1210 2183 pacis.
1227 2102 1308 2184 ipsis
1328 2102 1464 2166 domine
1487 2111 1521 2165 et
1540 2122 1612 2165 om·

253 2181 540 2267 quotienscunque
571 2183 733 2249 feceritis:
771 2187 803 2249 in
840 2186 905 2249 mei
956 2188 1054 2252 nibus
1079 2190 1111 2252 in
1139 2188 1264 2254 christo
1290 2190 1537 2272 quiescentibus
1564 2188 1611 2251 lo-

255 2271 449 2333 memoriam
475 2271 611 2338 facietis.
655 2272 755 2338 Vnde
779 2283 812 2337 et
838 2294 905 2337 me·
955 2295 1032 2339 cum
1052 2274 1211 2359 refrigerii
1232 2277 1314 2341 lucis
1335 2287 1368 2340 et
1392 2278 1485 2359 pacis
1505 2285 1542 2339 ut
1564 2277 1612 2339 in·

254 2375 362 2421 mores
388 2358 523 2423 domine
550 2380 611 2423 nos
641 2362 690 2424 tui
720 2362 807 2425 serui
822 2410 830 2426 .
846 2362 905 2426 sed
956 2362 1096 2446 dulgeas
1120 2364 1359 2446 deprecamur:
1385 2385 1445 2446 per
1465 2365 1610 2427 eundem

253 2453 287 2507 et
299 2443 394 2527 plebs
405 2454 464 2510 tua
476 2456 592 2512 sancta
597 2496 763 2513 ............
771 2446 905 2513 ‘christi
955 2450 1116 2514 christum
1132 2452 1307 2515 dominum
1324 2462 1484 2515 nostrum.

254 2531 310 2595 filii
321 2534 370 2596 tui
380 2534 507 2598 domini
520 2535 574 2599 dei
587 2537 691 2600 nostri
704 2546 774 2600 tam
787 2536 905 2600 beatae
1039 2538 1112 2602 obis
1144 2559 1279 2621 quoque
1306 2539 1536 2622 peccatoribus
1563 2535 1611 2600 f·

254 2621 445 2703 passionis.
474 2643 603 2687 necnon
641 2633 676 2688 et
713 2625 756 2688 ab
794 2624 906 2688 inferis
1062 2626 1160 2689 mulis
1201 2628 1268 2694 tuis
1310 2626 1352 2690 de
1397 2626 1612 2690 multitudine

254 2709 529 2774 resurrectionis.
553 2711 612 2774 sed
651 2722 685 2776 et
723 2713 755 2775 in
795 2712 906 2776 caelos
958 2714 1208 2778 miserationum
1240 2723 1372 2778 tuarum
1400 2713 1611 2796 sperantibus

254 2795 419 2878 gloriosae
463 2799 668 2862 ascensionis
700 2849 707 2863 .
736 2799 907 2864 offerimus
956 2811 1086 2883 partem
1139 2801 1286 2885 aliquam
1335 2809 1369 2865 et
1414 2802 1610 2864 societatem

254 2883 443 2967 praeclarae
469 2886 636 2950 maiestati
667 2896 745 2951 tuae
771 2888 814 2950 de
840 2888 905 2951 tuis
956 2890 1083 2954 donare
1112 2890 1259 2972 digneris
1290 2908 1366 2953 cum
1393 2890 1460 2952 tuis
1487 2888 1612 2952 sanctis

253 2972 351 3036 donis
366 2993 405 3037 ac
423 2975 518 3039 datis.
566 2974 906 3057 Hostiam-bpuram.
956 2977 1119 3059 apostolis
1145 2986 1179 3041 et
1206 2976 1432 3057 martyribus.
1449 2996 1524 3039 cum
1554 2977 1611 3039 Io-

255 3062 404 3125 Hostiam
423 3068 455 3128 ›1‹
479 3070 630 3126 sanctam
661 3110 668 3125 .
701 3062 851 3125 nostiam
874 3068 906 3128 ›1-
957 3077 1093 3128 aarum
1118 3114 1125 3128 .
1154 3067 1362 3129 Sarrunuo
1385 3112 1392 3127 .
1422 3065 1581 3127 Marum
1605 3112 1612 3127 .

254 3149 503 3214 immaculatam
533 3200 540 3215 .
572 3158 735 3218 ranem*
751 3158 905 3214 sanctum
958 3156 1139 3216 Batauam
1171 3202 1178 3217 .
1211 3155 1407 3217 [enarro.
1434 3152 1612 3215 artaxiu-

254 3239 578 3302 uitaeaeternae.et
594 3237 731 3303 calicem
748 3238 906 3307 *salutis
956 3253 1034 3304 DRO
1065 3289 1071 3303 .
1105 3240 1374 3323 lllfARCELL1N0
1407 3290 1413 3303 .
1447 3240 1574 3303 PETRO
1604 3289 1611 3303 .

255 3335 443 3408 perpetuae.
501 3326 615 3409 Supra
644 3345 730 3408 quae
761 3326 907 3409 propitio
957 3330 1184 3392 FELICITATE
1218 3376 1224 3390 .
1262 3329 1463 3392 PERPETUA
1496 3377 1503 3391 .
1537 3326 1613 3391 AG·

254 3433 293 3476 ac
309 3434 426 3478 sereno
442 3412 537 3477 uultu
559 3414 722 3495 respicere
737 3414 905 3495 digneris.
956 3428 1061 3478 ΑΤΗΑ
1093 3465 1099 3478 .
1131 3416 1256 3480 LUCIA
1282 3463 1289 3480 .
1314 3414 1478 3479 AGNETE
1507 3464 1513 3477 .
1545 3414 1612 3477 CE-

253 3511 288 3565 et
317 3511 456 3585 accepta
486 3501 607 3565 habere
638 3500 735 3564 sicuti
767 3510 907 3585 accepta
956 3502 1362 3568 CIL1n.ANASTnslA.
1388 3549 1601 3566 ...............
1603 3507 1614 3539 ⁶

254 3588 376 3653 habere
402 3589 560 3670 dignatus
586 3608 621 3652 es
649 3608 787 3653 munera
812 3589 906 3672 pueri
956 3599 990 3654 et
1031 3609 1107 3654 cum
1144 3590 1299 3654 omnibus
1337 3590 1460 3655 sanctis
1505 3589 1572 3653 tuis
1605 3637 1613 3653 .

254 3677 302 3741 tui
323 3677 401 3741 iusti
420 3676 494 3741 abel
510 3726 517 3740 .
533 3686 568 3741 et
587 3674 784 3741 sacrificium
806 3679 907 3761 patri·
956 3678 1044 3741 intra
1095 3698 1237 3761 quorum
1295 3698 1355 3741 nos
1407 3677 1612 3741 consortium

254 3764 375 3829 archae
390 3765 493 3829 nostri
509 3763 720 3829 abrahae.et
735 3765 826 3846 quod
846 3765 906 3829 tibi
957 3785 1024 3829 non
1052 3766 1227 3830 estimator
1249 3765 1358 3829 meriti
1382 3815 1389 3829 .
1411 3765 1471 3828 sed
1496 3764 1614 3828 ueniae

254 3853 377 3917 obtulit
391 3872 543 3916 summus
558 3851 713 3915 sacerdos
732 3861 810 3916 tuus
825 3853 907 3917 mel·
958 3873 1160 3935 quaesumus
1196 3852 1334 3935 largitor
1368 3852 1535 3915 admitte.
1554 3871 1614 3934 per

254 3939 430 4004 chisedech
457 3990 464 4005 .
487 3949 641 4005 sanctum
679 3939 907 4005 sacrificium.
957 3939 1118 4003 christum
1195 3941 1370 4003 dominum
1453 3947 1611 4002 nostrum.

256 4029 507 4092 immaculatam
532 4027 686 4093 hostiam.
728 4021 907 4111 Supplices
958 4026 1020 4090 Per
1060 4047 1160 4110 quem
1200 4027 1282 4090 haec
1322 4024 1436 4089 omnia
1477 4024 1613 4090 domine

255 4127 289 4181 te
304 4116 480 4200 llrogamus
495 4117 709 4198 omnipotens
721 4115 803 4178 deus
814 4165 820 4178 .
830 4116 908 4180 iube
957 4134 1089 4197 semper
1110 4115 1198 4178 bona
1220 4134 1313 4178 creas
1329 4166 1335 4178 .
1352 4110 1612 4179 sanetiaficas.

386 4287 445 4352 lfol
458 4304 521 4353 43²²·
655 4293 665 4345 ΙΙ
677 4286 720 4338 fol.
735 4306 774 4351 44.
1221 4287 1228 4348 Ι
1240 4285 1284 4337 fol.
1295 4305 1328 4351 44
1338 4302 1364 4338 v.

303 4490 312 4523 ¹
330 4492 408 4552 Here,
422 4490 535 4541 between
545 4489 588 4540 the
599 4489 670 4551 lines,
683 4488 704 4539 is
715 4489 758 4540 the
768 4496 836 4540 traee
846 4489 898 4540 ofa
909 4490 1035 4555 pencilled
1048 4489 1146 4541 ‘enim'

303 4556 314 4587 ¹
330 4557 355 4607 n
370 4556 491 4621 similarly
502 4556 599 4606 written
615 4554 771 4621 ‘postquam’
786 4555 868 4606 leaves
883 4556 914 4606 its
930 4564 996 4606 trace
1011 4555 1037 4606 in
1053 4556 1096 4607 the
1109 4562 1181 4605 outer
1196 4555 1292 4619 margin
1308 4571 1368 4604 over
1440 4564 1480 4603 nst
1496 4554 1539 4604 the
1554 4562 1613 4604 next

255 4621 345 4674 lincol
358 4623 400 4672 the
413 4621 479 4683 MS„
493 4621 576 4671 whilst
587 4621 648 4671 tbe‘
672 4620 741 4670 uam’
753 4620 783 4671 of
794 4620 837 4671 the
850 4620 1012 4687 ‘postquam’
1027 4621 1058 4672 of
1070 4620 1112 4670 the
1127 4628 1180 4671 text
1195 4619 1250 4683 (fol.
1262 4636 1302 4685 43,
1317 4620 1359 4669 lin.
1378 4571 1455 4685 ruffin
1471 4620 1503 4669 its
1513 4628 1612 4684 present

255 4696 320 4740 state
339 4687 361 4737 is
379 4687 478 4737 written
495 4688 530 4751 by
545 4702 561 4736 a
580 4686 643 4763 later
654 4636 729 4736 hand
748 4687 808 4763 than
828 4687 870 4777 the
889 4685 1067 4773 transcribas,
1084 4686 1110 4737 in
1128 4686 1200 4736 other
1217 4686 1270 4743 inlr,
1286 4686 1337 4735 aud
1354 4701 1387 4735 on
1405 4701 1437 4735 an
1454 4701 1561 4735 erasure.
1598 4685 1611 4734 1

255 4752 648 4868 prequpleletlpiqtsplpeentffippgr
658 4752 1064 4869 badnvbrdnddasulitsbbadlildndfher
1074 4817 1126 4867 inlr.
1162 4817 1218 4866 The
1228 4815 1379 4881 superseded
1391 4816 1460 4866 word
1471 4823 1538 4866 must
1548 4815 1613 4865 have

256 4886 320 4935 been
333 4883 414 4944 ‘hoe’
427 4884 464 4933 for
475 4882 645 4946 immediately
655 4881 719 4932 after
730 4882 772 4931 tbe
784 4884 853 4933 word
865 4884 935 4935 there
946 4884 967 4933 is
978 4900 993 4933 a
1004 4883 1077 4933 small
1089 4882 1167 4931 blank
1179 4898 1285 4932 erasure.

303 4950 315 4982 ⁴
332 4949 413 4999 Blnnlr
423 4963 531 5005 erasure,
542 4948 702 5014 presumably
712 4948 852 5013 cancelling
863 4949 1010 5000 ‘eiusdem'

303 5014 314 5046 ⁸
331 5016 356 5065 A
373 5015 570 5073 memorandum,
589 5029 646 5063 now
662 5013 813 5079 completely
829 5015 924 5072 erased,
941 5030 1003 5064 once
1019 5013 1140 5079 occupied
1157 5011 1200 5062 the
1216 5022 1287 5064 outer
1302 5013 1399 5078 margin
1417 5011 1446 5062 of
1463 5012 1505 5062 the
1524 5013 1614 5063 twelve

255 5082 318 5132 lines
329 5080 358 5130 of
365 5088 416 5131 text
428 5079 529 5130 stretchi
574 5078 638 5128 from
650 5078 699 5128 this
710 5077 780 5143 point
792 5087 819 5128 to
829 5079 873 5130 the
884 5080 933 5130 end
944 5078 974 5129 of
981 5079 1024 5130 tlte
1035 5094 1108 5143 page.

303 5146 315 5179 ⁶
333 5147 364 5196 ln
375 5162 390 5195 a
401 5145 545 5195 favourable
567 5144 619 5209 ight
632 5153 711 5195 traces
721 5144 751 5193 of
758 5143 802 5195 the
812 5145 882 5194 word
897 5144 1055 5194 ‘Euenum’
1067 5160 1110 5193 are
1120 5144 1179 5193 here
1190 5142 1283 5208 clearly
1293 5144 1390 5194 visible.
