4109 6275
605 773 823 856 DEcSANCTO
847 775 1073 827 UALENTINO
1098 776 1285 828 MARTYRE.
1582 780 1627 846 79

264 947 458 1012 innocenter
489 949 624 1013 uiuere.
641 957 678 1013 ut
708 949 752 1013 ad
783 949 919 1015 eadem¹

264 1054 451 1100 mereamur
465 1037 590 1119 gaudia
605 1038 779 1119 peruenire
795 1061 802 1100 ε
818 1058 885 1121 per.

504 1191 668 1240 SECRETA.

310 1278 430 1362 uscipe
467 1299 670 1362 quaesumus
704 1279 840 1343 domine
874 1280 918 1342 ob

337 1366 499 1430 honorem
530 1387 643 1430 sacrae
673 1367 811 1450 uirginis
841 1375 919 1430 tuae

264 1465 511 1518 SCOLnsTlan
543 1475 663 1517 munus
693 1454 867 1518 oblatum.
885 1465 919 1517 et

263 1542 354 1624 quod
385 1541 506 1605 nost'ris
537 1543 668 1624 assequi
696 1543 823 1605 meritis
851 1561 917 1604 non

264 1627 782 1710 ualemuseiussuffragantibus
793 1630 919 1692 meritis

264 1714 384 1798 largire
401 1717 566 1799 propitius
584 1740 591 1779 :
606 1737 684 1799 per:

441 1873 739 1922 POSTCOMMUNlO.

337 1980 398 2022 uos
421 1961 555 2025 caelesti
579 1962 716 2025 domine
740 1961 918 2025 resectione

265 1969 488 2136 Qsatiasti
523 2073 530 2111 z
560 2049 678 2112 beatae
715 2069 918 2131 quaesumus

264 2147 501 2198 scoLnsTIcae
517 2136 657 2218 uirginis
673 2146 751 2199 tuae
768 2137 896 2199 meritis
912 2186 918 2199 .

264 2242 286 2284 a
315 2222 444 2285 cunctis
475 2220 604 2285 exime⁹
634 2223 834 2306 propitiatus
860 2225 920 2287 ad-

265 2310 369 2372 uersis
387 2332 394 2372 :
410 2329 470 2392 per
485 2310 659 2373 dominum
678 2320 838 2374 nostrum.

285 2511 342 2570 ΟΕ
375 2508 574 2570 8ΑΝοΤΟ
607 2508 896 2569 υΑΙ-ΕΝΤΙΝΟ

470 2591 719 2650 nutarunt.

374 2714 403 2769 Ᾰ.
444 2719 477 2771 ln
496 2718 598 2771 uirtute
618 2729 666 2771 tua
685 2717 809 2772 domine.

326 2830 469 2882 RAES'l'A
499 2829 728 2895 QUAESUMUS
757 2830 920 2881 OMNIPO·

368 2918 464 2969 TENS
495 2917 683 2968 DeusthT
713 2917 780 2980 QUI
809 2917 919 2967 BEATI

265 3004 476 3056 UALENTINI
502 2991 660 3074 'martyris
686 2991 734 3054 tui
762 2991 920 3055 natalicia

264 3078 405 3143 colimus
427 3099 479 3143 .a
515 3079 644 3143 cunctis
679 3078 776 3143 malis
810 3078 918 3142 immi·

263 3167 421 3231 nentibus
458 3166 529 3229 eius
568 3166 804 3230 intercessione
838 3165 919 3230 libe·

263 3274 397 3319 remur:
412 3275 480 3336 per.

509 3381 673 3430 secem.

268 3471 437 3603 Oblatis
460 3493 663 3556 quaesumus
686 3474 823 3537 domine
848 3473 919 3557 pla-

359 3581 434 3624 care
465 3561 658 3624 muneribus
682 3612 688 3624 .
711 3570 746 3624 et
779 3561 919 3625 interce-

264 3647 365 3711 dente
389 3649 489 3711 beato
513 3661 738 3712 untsnmuo
762 3646 919 3730 (nrartyre

264 3745 324 3800 tuo
333 3783 341 3798 .
350 3756 372 3798 a
385 3734 515 3798 cunctis
526 3755 589 3798 nos
598 3735 742 3799 defende
752 3735 920 3818 periculis:

264 3842 324 3905 per
339 3822 514 3885 dominum
531 3831 690 3887 nostrum.

445 3980 743 4031 ΡΟὸΤΟΟΜΜυΝΙΟ.

268 4076 342 4205 Sit
381 4077 478 4140 nobis
515 4076 652 4140 domine
692 4077 919 4140 intercedente

338 4162 440 4226 beato
457 4176 681 4227 UALENTINO
698 4173 844 4246 martyre
860 4176 919 4227 tuo

985 953 1477 1097 ΒΑΝΟΤΑΕΘΙΙἉΙῙΙΒᾼΝΑΕ
1510 954 1606 1014 Ulli·

1225 1161 1365 1211 onntto.

1045 1273 1266 1326 MNIPOTENS
1384 1274 1626 1325 SEMPITERNE

1067 1360 1188 1411 osus.
1213 1361 1280 1424 Qu1
1314 1362 1476 1411 mmmm
1508 1349 1625 1412 mundi

969 1432 1066 1516 eligis
1083 1445 1119 1498 ut
1135 1434 1234 1498 sortia
1250 1455 1405 1517 quaeque
1419 1434 1626 1499 confundas:

971 1521 1015 1584 da
1032 1522 1128 1585 nobis
1144 1524 1177 1585 in
1197 1521 1379 1587 lestiuitate
1401 1523 1520 1587 beatae
1540 1544 1626 1587 mar-

971 1610 1054 1690 tyris
1070 1619 1148 1673 tuae
1165 1623 1350 1674 IULIANAE
1364 1631 1511 1693 congrua
1524 1612 1626 1675 deuo·

971 1698 1063 1760 tione
1093 1698 1269 1779 gaudere.
1294 1708 1331 1762 ut
1366 1709 1400 1761 et
1436 1700 1624 1780 potentiam

971 1793 1064 1864 tuam
1093 1785 1126 1847 in
1151 1786 1222 1848 eius
1245 1786 1400 1868 passione
1428 1785 1626 1849 laudemus.

970 1883 1004 1933 et
1046 1872 1216 1954 prouisum
1260 1873 1357 1937 nobis
1403 1874 1626 1956 percipiamus

970 1958 1135 2022 auxilium
1159 1982 1166 2022 ε
1189 1980 1256 2043 per.

1215 2120 1380 2168 secuerit.

1013 2214 1039 2262 N
1070 2210 1205 2265 sanctae
1237 2202 1392 2282 martyris
1422 2211 1500 2263 tuae
1532 2215 1626 2266 ltJLl-

1035 2300 1138 2350 ΑΝΑΕ
1179 2289 1336 2371 passione
1380 2288 1548 2371 praetiosa
1593 2299 1627 2352 te

970 2376 1108 2438 domine
1159 2375 1345 2438 mirabilem
1394 2376 1627 2458 praedicantes

971 2481 1110 2525 munera
1133 2463 1249 2525 uotiua
1272 2462 1454 2525 deserimus
1469 2512 1476 2525 .
1493 2474 1628 2545 praesta

970 2570 1173 2631 quaesumus
1194 2562 1231 2613 ut
1251 2549 1337 2613 sicut
1358 2550 1429 2613 eius
1450 2550 1510 2613 tibi
1531 2563 1627 2633 grata

971 2647 1050 2700 sunt
1072 2636 1190 2699 merita
1207 2687 1213 2701 .
1229 2637 1277 2699 sic
1298 2646 1433 2701 nostrae
1456 2638 1626 2700 seruitutis

971 2734 1110 2807 accepta
1126 2725 1308 2787 reddantur
1323 2723 1432 2787 officia
1449 2747 1456 2786 :
1472 2745 1539 2806 per.

1151 2878 1449 2927 postcommunio

1025 2969 1157 3031 ibantes
1196 2968 1332 3030 domine
1375 2987 1511 3030 mensae
1549 2977 1627 3031 tuae

1059 3055 1157 3118 beata
1197 3055 1370 3138 myllsteria
1393 3105 1400 3118 .
1423 3075 1628 3139 quaesumus

971 3153 1008 3206 ut
1024 3155 1160 3229 sanctae
1177 3156 1363 3207 IULIANAE
1380 3144 1534 3225 martyris
1550 3155 1628 3207 tuae

970 3231 1305 3295 interuentionibus:
1336 3240 1371 3294 et
1415 3241 1626 3315 praesentem

970 3319 1069 3382 nobis
1107 3318 1369 3382 misericordiam
1408 3316 1561 3382 conseras
1594 3329 1629 3384 et

970 3406 1210 3488 sempiternam
1235 3428 1243 3468 t
1267 3426 1334 3488 per.

975 3625 1241 3688 ΟΑΤΗΕΟΗΑ
1273 3626 1450 3687 8ΑΝΟΤΙ
1486 3625 1627 3687 Petet

1173 3708 1433 3769 neostott.

1234 3846 1362 3902 Statuirt

1233 3973 1372 4025 onntto.

1097 4174 1195 4224 TOLO
1218 4175 1296 4225 TUO
1322 4162 1452 4226 collatis
1478 4162 1628 4228 clauibus

973 4091 1070 4285 D
1083 4088 1152 4138 EUS
1167 4088 1234 4151 QUI
1248 4088 1370 4138 ΒΕΑΤΟ
1384 4089 1504 4140 PETRO
1521 4092 1628 4142 APOS·

265 4251 432 4333 reparatio
443 4252 565 4314 mentis
575 4263 608 4314 et
618 4250 766 4332 corporis
776 4249 919 4313 caeleste
1095 4247 1351 4329 regnicaelestis
1361 4251 1491 4313 animas
1502 4250 1628 4334 ligandi

265 4338 462 4419 mysterium
487 4387 493 4400 .
518 4347 555 4401 ut
590 4338 684 4400 cuius
721 4338 921 4419 exequimur
972 4346 1074 4418 atque
1101 4335 1253 4398 soluendi
1285 4336 1495 4419 pontificium
1526 4338 1629 4401 tradi·

264 4424 647 4489 actionem.sentiamus
663 4423 919 4506 effectumzper.
972 4423 1051 4486 disti
1078 4423 1254 4486 :concede
1299 4432 1336 4486 ut
1380 4424 1627 4487 intercessionis

523 4562 529 4621 Ι
542 4561 585 4611 tot.
597 4564 661 4611 dou.
1236 4565 1245 4616 ΙΙ
1262 4558 1305 4610 l'ol.
1321 4562 1360 4611 81.

312 4721 322 4754 ¹
339 4723 437 4774 Acoent
449 4723 474 4773 in
486 4723 543 4774 MS.
556 4739 617 4773 over
628 4722 680 4773 lirst
691 4723 797 4786 syllable
809 4721 837 4772 ol
848 4720 967 4772 ‘eadem’

312 4785 324 4818 ¹
341 4789 438 4838 Acuent
450 4788 476 4838 in
490 4789 547 4839 MS.
561 4804 621 4838 over
631 4787 683 4837 first
694 4788 800 4852 syllable
811 4786 840 4836 oi
849 4786 961 4837 ‘exime'

313 4851 325 4884 ⁸
341 4853 366 4902 Α
383 4854 443 4910 line,
457 4854 557 4903 ctossed
574 4852 738 4916 horizontally
753 4853 788 4916 by
801 4853 906 4902 another
923 4868 982 4902 nesr
999 4852 1031 4902 its
1047 4869 1062 4902 u
1082 4869 1126 4917 per
1142 4854 1199 4913 end,
1219 4854 1324 4904 extends
1341 4854 1367 4902 in
1384 4854 1427 4904 the
1443 4864 1516 4904 outer
1531 4855 1629 4920 margin

265 4917 295 4967 ol
308 4918 370 4968 8ου.
384 4918 449 4968 lroot
464 4919 508 4968 the
524 4917 626 4981 beginm
675 4918 705 4968 ol
717 4918 768 4967 this
787 4918 856 4967 Mass
871 4927 898 4967 to
914 4918 957 4967 tbe
975 4918 1027 4968 loot
1039 4935 1055 4968 o
1082 4919 1125 4968 the
1136 4935 1208 4984 page.
1219 4920 1268 4968 und
1281 4920 1302 4969 is
1313 4919 1447 4970 continued
1459 4936 1493 4969 on
1505 4921 1533 4970 81
1548 4929 1576 4970 to
1586 4921 1630 4970 the

265 4982 315 5032 end
327 4981 356 5032 oi
365 4983 407 5033 the
420 4985 497 5045 Mass,
512 4984 594 5033 where
605 4999 621 5032 u
632 4982 740 5047 santing
751 4982 837 5032 stroke
847 4999 943 5032 crosses
955 4983 974 5032 it
985 4993 1010 5032 at
1023 4984 1055 5033 its
1067 4983 1154 5033 lowest
1166 4985 1246 5049 point.

313 5046 326 5078 ⁴
341 5048 443 5099 Guided
456 5049 490 5112 by
501 5048 544 5097 tbe
555 5047 642 5097 colour
657 5047 687 5096 ol
700 5049 743 5097 the
758 5048 801 5097 inlr
815 5064 853 5097 we
864 5064 923 5113 may
933 5048 1058 5113 plausibly
1069 5049 1133 5098 inser
1143 5049 1196 5098 that
1209 5050 1259 5099 tbis
1270 5050 1407 5099 indication
1419 5066 1471 5099 was
1481 5050 1629 5100 introduced

266 5113 445 5179 subsequently
456 5122 483 5163 to
495 5114 538 5163 the
549 5122 602 5163 text
613 5113 642 5163 ol
649 5113 691 5163 the
703 5114 781 5172 Mass,
793 5113 843 5162 and
855 5112 918 5163 aster
929 5114 972 5163 the
983 5113 1039 5163 title
1050 5130 1102 5163 was
1113 5114 1219 5164 written.
