4109 6275
825 787 875 838 DE
896 786 1045 838 SANCTO
1068 781 1283 834 BENEDICTO
1306 776 1460 828 ΑΒΒΑΤΕ.

679 962 904 1012 peremtio,
1415 955 1579 1003 stenem.

465 1077 634 1224 lVERE¹
671 1091 847 1142 AETERNE
870 1126 876 1140 .
902 1075 997 1139 Beati
1033 1073 1118 1137 anti·
1244 1067 1343 1131 blatis
1355 1066 1491 1165 domine
1503 1065 1546 1128 ad
1559 1059 1825 1161 honorem-beati

568 1167 656 1230 stitis
680 1176 896 1230 CUTHBERTI
925 1163 1043 1226 merita
1071 1182 1118 1224 re·
1266 1163 1454 1216 BENEDIctr
1474 1150 1673 1214 confessoris
1687 1158 1737 1212 tur
1753 1145 1826 1228 pla·

465 1252 642 1318 colentes.
664 1252 774 1335 Quem
805 1252 838 1315 in
869 1250 1032 1315 aecclesia
1061 1258 1120 1312 tua
1168 1261 1244 1305 care
1282 1239 1475 1303 muneribus
1504 1287 1511 1302 ·
1542 1247 1577 1302 et
1614 1237 1719 1319 ipsius
1759 1234 1827 1296 tuis

465 1341 625 1405 doctrinis
656 1349 690 1404 et
717 1339 883 1422 exemplis
913 1338 1121 1422 pollentem.
1168 1328 1302 1393 famulis
1312 1329 1501 1391 interuentu
1511 1334 1708 1388 cunctorum
1718 1321 1829 1385 tribue

465 1438 500 1492 et
516 1426 679 1509 unigeniti
691 1428 739 1490 tui
752 1427 894 1508 uestigia
906 1433 1120 1508 sequentem:
1170 1415 1414 1498 indulgentiam
1432 1422 1646 1497 peccatorum
1662 1461 1669 1474 .
1686 1430 1752 1493 per.

467 1536 528 1597 pro
551 1515 648 1578 nobis
671 1514 761 1596 apud
789 1522 882 1577 tuam
910 1515 1120 1575 maiestatem

467 1603 612 1666 existere
663 1602 809 1685 petimus
861 1600 1121 1663 intercessorem.
1195 1587 1374 1661 [tEm'm
1391 1588 1428 1659 ⁰s
1439 1588 1539 1658 ΝΜ]
1556 1585 1677 1641 thirteen
1695 1581 1806 1655 lines.]²

468 1688 637 1773 Quatinus
663 1709 725 1752 nos
751 1688 823 1751 eius
849 1688 1013 1770 adiungas
1043 1706 1121 1749 con·

466 1777 571 1840 sortio
587 1800 594 1840 :
609 1785 647 1841 ut
665 1776 698 1839 in
719 1795 857 1859 regnum
878 1772 1022 1839 caeleste
1045 1792 1121 1836 cum

469 1863 538 1927 filio
559 1873 619 1927 tuo
639 1863 694 1927 die
712 1863 873 1926 hodierna
892 1863 1000 1944 ipsum
1023 1861 1122 1942 glori·
1183 1861 1377 1997 perceptis
1418 1863 1554 1927 domine
1594 1862 1677 1924 deus
1716 1868 1832 1923 noster

468 1961 563 2015 anter
578 1950 786 2014 transtulisti.
832 1949 878 2013 Et
894 1950 978 2013 ideo.
1255 1949 1456 2015 salutaribus
1467 1949 1686 2014 sacramentis
1697 1946 1831 2010 humili-

1174 2048 1225 2102 ter
1253 2039 1506 2122 deprecamur:
1531 2047 1567 2101 ut
1600 2036 1832 2100 intercedente

648 2130 945 2184 ΡΟΒΤΟΟΜΙΝΛΗΝΙΟ1
1174 2126 1273 2190 beato
1304 2138 1518 2189 BENEcho
1550 2122 1741 2188 consessore
1771 2131 1832 2186 tuo

478 2249 615 2379 DEUS
630 2236 686 2318 qui
703 2254 765 2297 nos
780 2242 972 2297 sanctorum
990 2241 1122 2296 tuorum
1174 2222 1276 2297 atque
1296 2213 1421 2313 abbate
1438 2232 1526 2313 qua?
1547 2230 1608 2295 Pf0
1626 2210 1833 2310 ¹¹¹¹}1311002·

566 2322 743 2405 temporali
773 2320 891 2385 tribuis
921 2339 1125 2384 commemo.
1175 2302 1280 2402 rando
1309 2320 1440 2382 egimus
1469 2300 1563 2363 obrtu
1579 2348 1586 2361 .
1603 2298 1702 2361 nobrs
1731 2294 1833 2379 profi·
1921 2357 1923 2360 ,

471 2410 600 2475 ratione
637 2409 784 2493 gaudere
814 2457 822 2472 .
852 2417 985 2491 praesta
1022 2426 1124 2490 quae·
1174 2397 1266 2452 mant
1280 2388 1323 2451 ad
1341 2385 1506 2451 medelam
1524 2409 1531 2449 ²
1546 2406 1614 2470 Pes·

471 2518 585 2562 sumus
601 2519 608 2560 :
625 2506 662 2560 ut
692 2497 793 2560 beato
822 2507 1051 2560 curununro
1078 2493 1126 2556 in·

471 2586 678 2649 terueniente
705 2604 765 2666 per
790 2583 873 2646 haec
898 2582 1012 2645 diuina
1037 2600 1126 2663 mys·

472 2673 554 2736 teria
571 2672 603 2734 in
617 2691 656 2734 ea
668 2689 881 2734 numeremur
892 2678 981 2732 sorte
992 2667 1126 2732 salutis.

472 2760 505 2822 in
526 2780 592 2843 qua
613 2778 689 2821 cum
710 2757 836 2820 sanctis
855 2756 921 2820 tuis
940 2775 1127 2819 mereamur

1343 1747 1659 1817 {postcommunio

1198 2646 1242 2704 ΙΝ
1275 2637 1700 2704 ΑΝΝϋΝΤΙΑΤΙΟΝΕ
1734 2635 1818 2694 00-

1407 2721 1609 2783 ΜΙΝΙΟΑἶ

471 2845 605 2930 gloriari
624 2865 713 2927 ΖΡΜ·
1301 2857 1330 2915 Ᾰ.
1365 2863 1470 2917 Rorate
1488 2861 1560 2916 caeli
1579 2861 1709 2932 desuper.

1288 2984 1837 3063 uus⁴on1nunurrnsunumu

494 3123 552 3182 οε
584 3119 784 3182 saporo
818 3111 1105 3177 ΒΕΝΕΟΙΟΤΟ
1181 3001 1837 3196 DUIRGINISuterouerbumtuum

699 3200 890 3261 ΑΒΒΑΤΕ
1301 3160 1424 3246 angelo
1434 3162 1609 3225 nuntiante
1619 3180 1753 3225 carnem
1764 3181 1838 3223 sus-

898 3244 904 3257 '
1179 3251 1290 3334 cipere
1306 3249 1440 3313 uoluisti
1457 3268 1464 3312 :
1480 3258 1613 3330 praesta
1628 3248 1837 3332 supplicibus

730 3347 870 3395 ΟΒᾹΤΙΟΔ
1180 3338 1247 3402 tuis
1263 3360 1270 3399 :
1286 3345 1322 3401 ut
1348 3336 1405 3418 qui
1433 3356 1511 3398 uere
1536 3356 1612 3399 eam
1639 3335 1836 3419 genitricem

551 3454 770 3506 MNIPOTENS
783 3452 1023 3504 SEMPITERNE
1034 3451 1130 3502 DEUs
1181 3425 1235 3488 dei
1247 3424 1430 3488 credimus.
1443 3424 1514 3487 eius
1529 3424 1619 3506 apud
1633 3435 1667 3486 te
1679 3423 1838 3486 interces-

572 3542 639 3606 QUI
685 3540 887 3592 HODIERNA
927 3526 982 3589 die
1022 3527 1131 3589 camis
1181 3511 1331 3575 sionibus
1346 3511 1642 3593 adiuuemurzper
1657 3510 1811 3574 eundem.

477 3617 635 3680 eductum
682 3613 851 3698 ergastulo
899 3613 1130 3678 beatissimum

478 3702 701 3767 consessorem
747 3714 841 3765 tuum
885 3713 1130 3764 BENEDICTUM
1428 3703 1591 3752 secam.

478 3789 661 3854 subleuasti
702 3790 744 3853 ad
786 3786 915 3852 caelum
947 3810 954 3851 z
984 3788 1132 3851 concede
1224 3809 1246 3851 n
1278 3787 1447 3851 mentibus
1480 3787 1602 3850 nostris
1634 3807 1839 3870 quaesumus

478 3897 680 3960 quaesumus
700 3876 783 3939 haec
803 3875 888 3939 festa
911 3875 977 3938 tuis
1000 3873 1133 3938 famulis
1246 3875 1382 3938 domine
1405 3894 1504 3937 uerae
1528 3872 1604 3939 fidei
1628 3884 1839 3938 sacramenta

479 3964 723 4029 celebrantibus
753 3973 948 4027 cunctorum
980 3959 1133 4035 liueniam
1183 3961 1375 4027 confirma.
1399 3969 1435 4024 ut
1469 3962 1527 4043 qui
1561 3971 1762 4044 conceptum
1796 3963 1840 4024 de

479 4051 677 4116 delictorum
702 4101 709 4114 .
734 4059 771 4115 ut
807 4050 864 4131 qui
902 4047 1134 4113 exultantibus
1184 4050 1314 4132 uirgine
1341 4049 1440 4112 deum
1469 4068 1585 4111 uerum
1609 4058 1643 4112 et
1666 4050 1839 4112 hominem

480 4139 601 4203 animis
627 4139 698 4201 eius
724 4137 866 4201 claritati
897 4136 1134 4218 congaudent.
1185 4135 1384 4200 confitemur
1406 4184 1413 4199 .
1437 4154 1497 4218 per
1537 4136 1609 4199 eius
1648 4135 1840 4200 salutiferae

481 4226 555 4308 ipso
588 4225 678 4307 apud
712 4232 747 4288 te
781 4223 1022 4288 interueniente
1056 4243 1135 4287 con·
1186 4223 1434 4287 resurrectionis
1450 4224 1655 4305 potentiam.
1669 4224 1713 4285 ad
1735 4230 1841 4287 aeterss

481 4313 649 4376 socientur
667 4322 701 4376 et
722 4312 849 4375 meritis
864 4334 872 4374 ι
887 4331 946 4394 per
961 4311 1135 4374 dominum
1187 4319 1265 4375 nam
1279 4330 1466 4374 mereamur
1477 4312 1651 4392 peruenire
1660 4309 1840 4374 laetitiam.

483 4408 641 4463 nostrum.
1187 4418 1247 4482 per
1260 4398 1415 4462 eundem.

618 4563 676 4625 liol.
691 4567 755 4627 8312.
888 4569 899 4621 ll
910 4562 952 4612 iol.
965 4565 1006 4625 84.
1447 4561 1508 4624 liol.
1521 4564 1553 4625 84
1561 4579 1587 4612 v.

535 4781 543 4813 ¹
562 4781 666 4832 Manual
678 4797 745 4831 cross
757 4782 781 4831 in
793 4790 865 4831 outer
876 4781 981 4847 margin.

534 4845 545 4877 ⁸
561 4846 677 4923 Nothing
694 4847 801 4897 remeius
816 4847 966 4898 discemible
983 4847 1064 4897 under
1079 4846 1123 4897 the
1139 4862 1237 4899 erasure
1254 4847 1307 4908 but,
1329 4847 1355 4897 iu
1372 4847 1415 4898 the
1433 4847 1500 4897 third
1516 4847 1576 4905 line,
1597 4844 1645 4912 ‘gl’
1660 4848 1711 4898 and
1728 4849 1771 4898 the
1785 4858 1842 4913 stop

487 4912 645 5004 represented
662 4927 687 4988 rn
704 4911 773 4999 thpse
790 4927 867 4977 peges
884 4912 918 4977 by
936 4911 978 4964 ‘:’.
1016 4911 1104 4963 Under
1121 4912 1164 4964 the
1180 4914 1280 4963 manual
1300 4929 1368 4963 cross
1384 4913 1410 4963 in
1430 4913 1473 4964 the
1492 4921 1564 4963 outer
1583 4912 1680 4976 margin
1699 4912 1769 4964 there
1788 4914 1843 4964 isa

487 4976 728 5117 mpigepenpppppll
739 5040 839 5117 ‘nichil'
851 5041 877 5090 in
889 5041 932 5092 tlte
943 5042 1058 5108 adjacent
1070 5051 1141 5093 outer
1152 5018 1258 5109 margin

535 5105 547 5137 ⁴
562 5107 619 5157 The
629 5107 744 5171 adjacent
753 5111 852 5172 margin
863 5106 916 5166 has,
929 5108 954 5157 in
965 5108 1018 5167 inlr,
1032 5107 1075 5158 the
1087 5110 1276 5158 memorandum
1290 5108 1398 5174 ‘require
1410 5108 1435 5159 in
1447 5124 1523 5174 pasca
1532 5108 1688 5159 orationem!
