4109 6275
473 802 545 852 PRO
568 803 666 854 REGE
689 804 736 853 ET
760 805 905 856 REGINA
929 806 1153 873 POPULOQUE
1176 809 1418 861 CHRISTIANO.
1566 812 1626 878 159

267 983 374 1039 tector
396 977 546 1040 omnium
574 979 607 1042 in
630 987 665 1043 te
690 981 921 1063 sperantium:
972 984 1114 1049 inimicis
1145 1006 1260 1050 secura
1285 986 1347 1050 tibi
1374 987 1496 1051 seruiat
1522 987 1624 1051 chris-

268 1062 312 1125 da
341 1064 409 1145 regi
442 1074 557 1128 nostro
586 1074 620 1129 et
650 1070 784 1149 reginae
814 1089 921 1150 popu·
972 1073 1139 1136 tianorum
1155 1073 1314 1138 libertas.
1331 1095 1396 1157 per.

268 1148 367 1231 loque
377 1150 558 1215 christiano
570 1153 777 1237 triumphum
790 1156 920 1219 uirtutis

267 1245 346 1300 tuae
368 1238 511 1302 scienter
536 1239 718 1306 excolere.
739 1252 777 1305 ut
802 1263 862 1326 per
887 1250 921 1306 te
1147 1278 1445 1330 posssooMMumo,

267 1344 398 1407 semper
413 1336 607 1408 reparentur
622 1329 664 1392 ad
682 1330 814 1392 ueniam
830 1353 838 1392 ε
854 1351 920 1413 per.
1033 1390 1142 1443 mesta
1174 1400 1376 1463 quaesumus
1411 1382 1625 1464 Omnipotens

510 1471 673 1520 secem.
978 1389 1136 1531 Pdeus
1159 1516 1166 1530 .
1190 1477 1226 1530 ut
1260 1488 1319 1550 per
1351 1467 1433 1532 haec
1469 1471 1627 1551 mysteria

270 1554 433 1684 Suscipe
452 1554 590 1617 domine
611 1576 725 1638 preces
745 1566 779 1619 et
795 1556 922 1620 hostias
973 1575 1060 1637 quae
1098 1555 1301 1636 sumpsimus
1343 1576 1403 1619 rex
1443 1567 1555 1621 noster
1593 1567 1627 1621 et

341 1640 520 1704 aecclesiae
550 1651 627 1705 tuae
654 1663 714 1725 pro
740 1643 847 1707 salute
874 1642 921 1706 ia·
973 1642 1088 1723 regina
1107 1651 1141 1704 et
1161 1642 1304 1724 populus
1323 1641 1521 1706 christianus
1541 1665 1627 1707 sem·

269 1728 349 1791 muli
371 1729 419 1791 tui
442 1729 528 1810 regis
549 1730 652 1793 nostii
676 1739 710 1792 et
733 1731 867 1812 reginae
887 1741 921 1795 et
973 1750 1033 1812 per
1059 1728 1269 1793 rationabilia
1300 1730 1501 1794 meditantes
1517 1780 1524 1794 .
1540 1751 1627 1813 quae

267 1816 475 1897 protectione
524 1815 671 1879 fidelium
720 1818 919 1900 populorum
971 1817 1034 1880 tibi
1065 1825 1143 1878 sunt
1174 1815 1297 1898 placita
1320 1866 1327 1880 .
1350 1825 1384 1880 et
1418 1817 1516 1880 dictis
1547 1839 1625 1881 exe-

267 1903 523 1985 supplicantes.
549 1913 585 1967 ut
623 1905 761 1986 antiqua
796 1904 920 1968 brachii
972 1912 1117 1988 quantur
1147 1912 1182 1966 et
1212 1902 1307 1967 factis
1333 1927 1340 1967 :
1363 1925 1422 1986 per
1451 1905 1625 1969 dominum

268 1992 315 2052 tui
337 2000 372 2053 te
395 2000 556 2073 operante
577 1991 736 2055 miracula
756 1994 921 2074 superatis
972 2001 1123 2054 nostrum
1147 1990 1252 2054 iesum
1275 1990 1443 2055 christum.
