4109 6275
766 805 837 859 PRO
861 806 1139 859 MORTALITATE.

351 985 442 1046 PRO
482 987 856 1049 ΜΟΒΤΑΗΤΑΤΕ.

348 1096 430 1162 Eus¹
468 1113 536 1177 Qul
574 1120 641 1164 non
683 1111 824 1166 mortem
866 1105 924 1167 sed

368 1187 609 1269 paenitentiam
625 1190 794 1254 desideras
810 1211 926 1273 pecca-

1573 816 1630 883 ι45

977 989 1125 1052 remedio
1140 990 1299 1071 singulari
1321 992 1364 1055 ab
1385 993 1534 1056 omnium
1554 1015 1630 1078 pec-

977 1084 1127 1139 catorum
1150 1098 1212 1140 nos
1229 1080 1432 1161 contagione
1453 1080 1629 1163 purifices.

976 1171 1045 1226 eta
1061 1164 1282 1246 periculorum
1300 1168 1430 1230 munias
1443 1169 1630 1234 incursione

271 1283 404 1337 torum.
422 1274 583 1357 populum
605 1285 699 1341 tuum
723 1299 926 1362 quaesumus
976 1261 1171 1316 cunctorum
1188 1302 1195 1317 ·
1210 1273 1277 1336 Pes·

271 1362 315 1424 ad
338 1370 371 1424 te
393 1371 551 1426 conuerte
573 1365 759 1447 propitius.
776 1376 813 1429 ut
843 1367 924 1429 dum

271 1448 331 1511 tibi
369 1450 513 1513 deuotus
546 1452 718 1516 extiterit.
735 1453 925 1517 iracundiae

272 1544 349 1598 tuae
365 1536 408 1599 ab
423 1557 464 1600 eo
480 1536 613 1619 flagella
628 1559 787 1603 amoueas
806 1563 812 1603 :
828 1561 895 1623 per.

517 1690 680 1740 secut-:Ta

273 1770 481 1900 Subueniat
505 1771 601 1834 nobis
623 1771 761 1836 domine
782 1793 924 1856 quaesu-

345 1877 419 1922 mus
449 1857 599 1922 sacrificii
631 1861 815 1941 praesentis
845 1881 923 1943 ope-

270 1945 385 2008 ratio.
409 1966 496 2028 quae
531 1967 592 2010 nos
621 1958 655 2010 et
685 1947 729 2010 ab
759 1949 924 2011 erroribus

271 2032 433 2096 uniuersis
474 2043 628 2116 potenter
667 2033 822 2098 absoluat
853 2084 860 2098 .
890 2045 924 2099 et

271 2121 396 2183 atotius
416 2121 535 2204 eripiat
555 2122 752 2204 perditionis
768 2124 924 2186 incursu.

271 2227 337 2290 per.

449 2317 746 2367 ΡοετοοΜΜυΝιο.

274 2404 291 2425 ⁷
340 2420 418 2463 uere
454 2421 516 2464 nos
552 2402 689 2465 domine
722 2422 925 2484 quaesumus

361 2496 420 2551 tua
451 2497 568 2552 sancta
602 2489 766 2553 laetantes
786 2538 794 2554 .
812 2498 846 2553 et
881 2490 924 2553 ab

270 2576 362 2639 omni
379 2577 542 2658 propitius
559 2577 736 2659 iniquitate
757 2576 924 2642 deiende.

270 2684 338 2745 per.

275 2877 486 2937 Missnlu
509 2878 749 2940 TEMPORE
773 2881 924 2942 ΒΕΙ.Ι.Ι.

340 3004 399 3062 R.

342 3149 411 3200 uus
430 3155 606 3218 regnorum
625 3136 777 3201 omnium
794 3158 923 3221 regum-

368 3244 434 3307 que
468 3223 688 3288 dominator.
711 3226 768 3307 qui
800 3246 861 3288 nos
891 3233 925 3289 et

270 3311 488 3393 percutiendo
508 3330 629 3374 sanas.
646 3319 679 3374 et
701 3311 924 3396 ignossscendo

270 3418 448 3461 conseruas
466 3399 670 3480 :praetende
686 3398 781 3462 nobis
798 3400 923 3463 miseri·

271 3485 418 3548 cordiam
456 3493 549 3548 tuam
576 3496 643 3548 :ut
684 3486 924 3569 tranquillitate

272 3573 363 3655 pacis
400 3581 459 3635 tua
494 3581 662 3655 potestate
695 3572 827 3637 firmata
850 3623 857 3637 .
880 3575 922 3637 ad

272 3659 419 3724 remedia
445 3661 658 3723 correctionis
682 3669 816 3724 utamur
834 3684 841 3724 :
856 3681 924 3744 per.

512 3803 676 3855 SEGRETA.

271 3889 503 4019 Sacrificium
525 3894 662 3958 domine
687 3898 778 3977 quod
806 3897 924 3960 immo·

345 3983 453 4046 lamus
469 3983 627 4047 intende.
644 3991 681 4046 ut
696 3983 740 4048 ab
755 3985 846 4046 omni
863 4003 925 4048 nos

272 4079 375 4134 exuat
391 4069 553 4134 bellorum
570 4070 737 4153 nequitia.
752 4079 785 4134 et
801 4071 833 4135 in
847 4081 925 4135 tuae

272 4157 487 4241 protectionis
525 4158 702 4221 securitate
739 4160 925 4222 consistat:

273 4266 339 4328 per.

446 4354 742 4403 postcommunio.

270 4437 401 4568 Sacro
416 4437 522 4500 sancti
538 4437 686 4520 corporis
701 4446 735 4501 et
753 4437 925 4520 sanguinis

344 4525 471 4588 domini
503 4525 606 4588 nostri
637 4524 706 4588 iesu
737 4524 849 4588 christi
877 4546 927 4589 re·

273 4612 416 4676 sectione
446 4613 593 4694 uegetati
620 4612 788 4694 supplices
813 4620 848 4676 te
874 4631 926 4675 ro-

273 4720 391 4783 gamus
421 4699 636 4783 omnipotens
666 4699 749 4762 deus
771 4722 778 4762 :
797 4708 834 4763 ut
863 4699 926 4762 hoc

529 4857 539 4911 11
551 4852 595 4901 iol.
610 4866 664 4919 1⁵9·

1026 1462 1117 1522 PRO
1151 1462 1260 1521 l‘l'ER
1292 1462 1591 1523 ΑΟΕΝΤΙΒϋὸ.

1034 1597 1168 1654 DESTO¹
1178 1591 1315 1656 domine
1331 1593 1628 1677 supplicationibus

1070 1679 1212 1743 nostris.
1228 1689 1263 1743 et
1300 1682 1389 1745 uiam
1428 1681 1627 1746 famulorum

975 1771 1109 1827 tuorum
1140 1779 1186 1829 .N.
1217 1767 1250 1829 in
1281 1767 1398 1831 salutis
1428 1779 1505 1833 tuae
1536 1789 1627 1853 pros·

974 1851 1117 1931 peritate
1146 1853 1366 1936 disponent
1396 1856 1482 1919 inter
1510 1877 1628 1920 omnes

975 1937 1050 2000 uiae
1070 1949 1104 2002 et
1125 1940 1214 2004 uitae
1235 1942 1331 2005 huius
1350 1944 1551 2007 uarietates.
1568 1956 1628 2007 tuo

973 2045 1106 2108 semper
1120 2038 1339 2110 protegantur
1352 2032 1480 2093 auxilio
1496 2080 1502 2093 .
1519 2053 1586 2115 per.

1222 2185 1384 2233 SECRETA.

984 2280 1194 2405 Propitiare
1217 2280 1352 2344 domine
1378 2280 1627 2365 supplicationi-

1056 2366 1117 2429 bus
1140 2367 1261 2430 nostris
1277 2418 1283 2432 .
1300 2378 1334 2431 et
1357 2368 1417 2431 has
1439 2368 1628 2432 oblationes

974 2472 1059 2534 quas
1092 2454 1151 2516 tibi
1187 2452 1356 2518 offerimus
1393 2454 1463 2538 ipro
1495 2456 1627 2519 famulis

975 2540 1041 2603 tuis
1057 2553 1102 2604 .N.
1124 2542 1288 2624 benignus
1308 2563 1441 2605 assume
1457 2593 1464 2608 .
1480 2552 1517 2607 ut
1537 2545 1625 2606 uiam

974 2626 1107 2691 illorum
1133 2639 1168 2692 et
1195 2631 1415 2711 praecedente
1436 2632 1544 2713 gratia
1569 2642 1627 2694 tua

974 2715 1098 2796 dirigas
1121 2766 1128 2778 .
1150 2726 1185 2779 et
1217 2717 1440 2799 subsequente
1475 2719 1627 2781 comitari

974 2802 1150 2884 digneris.
1174 2811 1210 2866 ut
1248 2805 1290 2868 de
1328 2813 1404 2867 actu
1442 2813 1544 2888 atque
1578 2806 1627 2868 in·

974 2890 1170 2953 columitate
1228 2891 1360 2955 illorum
1398 2941 1405 2956 .
1443 2894 1626 2956 secundum

975 2977 1220 3041 misericordiae
1250 2987 1327 3042 tuae
1354 2980 1521 3062 praesidia
1546 3000 1627 3062 gau-

974 3065 1115 3128 deamus
1133 3089 1140 3128 :
1156 3085 1222 3148 per.

1154 3218 1451 3268 postcommunio

1051 3323 1122 3375 Eus
1148 3309 1297 3375 infinitae
1324 3313 1569 3376 misericordiae
1593 3323 1628 3376 et

1073 3397 1257 3462 maiestatis
1291 3399 1474 3463 immensae
1497 3450 1504 3463 .
1527 3421 1628 3482 quem

975 3505 1037 3548 nec
1059 3486 1168 3568 spatia
1191 3486 1339 3550 locorum
1364 3507 1425 3550 nec
1453 3487 1628 3551 interualla

975 3580 1165 3655 temporum
1189 3573 1231 3636 ab
1254 3574 1305 3637 his
1332 3594 1416 3657 quos
1443 3575 1545 3638 tueris
1571 3575 1630 3637 ab

975 3660 1146 3742 iungunt.
1170 3661 1289 3725 adesto
1319 3660 1453 3724 famulis
1486 3663 1553 3725 tuis
1583 3675 1628 3726 .Ν.

976 3746 1009 3809 in
1031 3755 1065 3810 te
1086 3747 1209 3830 ubique
1229 3747 1475 3813 confidentibus
1490 3798 1497 3814 .
1514 3759 1548 3814 et
1571 3770 1631 3832 per

974 3854 1076 3917 quam
1101 3834 1177 3898 ituri
1198 3844 1277 3898 sunt
1300 3835 1389 3898 uiam
1406 3886 1413 3900 .
1429 3837 1501 3900 dux
1525 3837 1573 3900 eis
1595 3845 1629 3900 et

975 3941 1087 3984 comes
1103 3942 1175 3985 esse
1190 3923 1328 4004 dignare
1344 3946 1350 3985 :
1367 3943 1432 4005 per.

976 4135 1068 4196 PRO
1090 4135 1264 4196 Ptuurn
1286 4135 1627 4196 lupertianum.

1052 4275 1122 4326 EUS
1153 4275 1194 4324 IN
1225 4276 1304 4340 Quo
1338 4262 1482 4327 uiuimus
1517 4284 1629 4329 moue·

1074 4370 1148 4412 mur
1162 4358 1196 4413 et
1211 4371 1326 4414 sumus
1344 4372 1352 4413 :
1367 4350 1516 4433 pluuiam
1533 4351 1630 4415 nobis

975 4437 1084 4500 tribue
1107 4446 1370 4519 congruentem.
1387 4448 1425 4501 ut
1448 4440 1630 4521 praesenti-

977 4525 1040 4587 bus
1071 4524 1227 4587 subsidiis
1262 4524 1464 4589 sufficienter
1498 4526 1628 4589 adiuti.

975 4611 1179 4693 sempiterna
1201 4611 1387 4675 fiducialius
1406 4622 1629 4695 appetamus:

975 4719 1036 4782 per
1050 4698 1224 4762 dominum
1242 4709 1401 4780 nostrum.

1225 4852 1285 4914 lsol.
1300 4867 1345 4920 159
1353 4869 1379 4902 v.

435 5004 445 5036 ¹
461 5004 518 5053 The
528 5019 597 5053 same
608 5002 688 5063 mark,
701 5003 752 5052 and
764 5003 867 5053 similarl
895 5003 993 5068 placed.
1005 5019 1033 5052 as
1044 5012 1070 5053 at
1084 5019 1130 5067 140
1137 5019 1162 5053 v.
1177 5002 1239 5068 (13).

435 5068 446 5099 ¹
461 5069 518 5120 The
528 5084 598 5119 same
609 5069 680 5118 mark
692 5077 757 5118 asat
772 5084 850 5132 14ov.
866 5019 907 5198 {¹3
930 5068 1011 5146 inthe
1022 5077 1094 5119 outer
1104 5070 1201 5146 margin
1213 5068 1242 5118 oi
1254 5083 1299 5136 159
1309 5069 1350 5133 (¹⁴
1364 5105 1370 5117 .

436 5133 852 5197 ⁸'l’hesamemarlrusat14orr.
880 5150 907 5198 ¹3
931 5150 956 5183 ιιι
969 5134 1011 5184 the
1023 5141 1203 5200 outermnrgru
1214 5134 1330 5202 0l159v.
1361 5151 1398 5195 η,
1415 5133 1463 5199 13).

362 5250 400 5300 Μ.
417 5251 449 5301 R.

1509 5254 1546 5314 ¹9
