4109 6275
467 810 510 872 42
991 793 1135 878 [ennon
1161 806 1303 858 nrssne

468 984 669 1050 TEIGITUR
684 996 989 1049 CLEMENTISSIME
1001 998 1122 1047 PATER
1175 996 1253 1046 MAE
1279 1030 1286 1044 .
1316 984 1441 1046 laconi
1469 1030 1476 1044 .
1508 983 1674 1045 PHILIPPI
1698 1031 1705 1044 .
1734 982 1829 1046 BAR-

470 1085 539 1135 ren
585 1086 699 1137 msun
745 1085 939 1136 crrmsrun
986 1084 1121 1136 FILIUM
1173 1069 1829 1134 rnonons1.Mnrr1s1.Srnonrs

469 1173 579 1224 ruunt
597 1173 782 1224 nonmun
800 1157 1123 1242 wosrnunPltsue-
1173 1167 1206 1221 et
1222 1158 1371 1220 Tnoosr
1395 1206 1402 1219 .
1426 1157 1516 1221 Lmr
1539 1205 1547 1221 .
1570 1156 1685 1221 Cesar
1708 1205 1715 1218 .
1739 1156 1830 1219 Cas-

472 1260 598 1310 PLICES
645 1260 825 1313 ROGAMUS
866 1259 913 1311 AC
960 1259 1123 1311 PETIMUS
1176 1244 1478 1309 MENTIS.SIXTI
1502 1243 1830 1308 .CORNE1,11.C1-

472 1334 520 1397 uti
547 1346 686 1417 accepta
712 1334 836 1398 habeas
862 1343 896 1399 et
921 1333 1123 1398 benedicas.
1176 1345 1305 1396 Parnm
1323 1381 1330 1396 .
1348 1331 1830 1395 innuasnrnssarsooom.

470 1420 853 1494 haecrxedonahaeeffl
872 1420 1125 1487 munera.haec
1178 1423 1371 1484 loflnltitts
1397 1428 1431 1483 et
1463 1419 1766 1484 l'nUL1.COSME
1797 1427 1831 1481 et

471 1518 588 1573 saneta
610 1524 641 1583 ἧι
678 1507 838 1573 sacrificia
879 1507 1015 1573 illibata
1083 1513 1123 1572 ln
1177 1510 1352 1570 DnnttANl
1354 1552 1829 1572 ...................................

473 1596 588 1679 primis
624 1616 711 1679 quae
748 1596 809 1659 tibi
851 1593 1021 1659 offerimus
1064 1616 1126 1679 pro
1179 1640 1817 1659 ..............................................
1819 1588 1831 1621 ⁶

472 1682 631 1747 aecclesia
646 1694 705 1748 tua
720 1683 1124 1765 sanctacatholieaqnam
1177 1692 1211 1745 et
1248 1682 1398 1745 omnium
1436 1691 1627 1746 sanctorum
1666 1691 1830 1744 tuorum.

473 1769 646 1854 pacificare
669 1820 676 1833 .
699 1771 867 1835 custodire
889 1770 1066 1835 ,adunare
1092 1780 1126 1834 et
1177 1788 1318 1853 quorum
1351 1768 1475 1832 meritis
1507 1769 1726 1852 precibusque
1753 1786 1830 1831 con·

473 1878 586 1941 regere
601 1856 747 1940 digneris
762 1868 836 1921 toto
850 1858 931 1921 orbe
946 1867 1125 1922 terrarum.
1177 1857 1299 1920 cedas.
1317 1866 1354 1920 ut
1378 1856 1409 1918 in
1437 1857 1593 1920 omnibus
1616 1855 1831 1940 protectionis

474 1943 634 2009 unaeum¹
649 1944 775 2009 famulo
798 1955 858 2009 tuo
880 1965 969 2029 papa
989 1954 1125 2009 nostro.
1177 1955 1256 2009 tuae
1283 1943 1471 2007 muniamur
1501 1942 1628 2008 auxilio
1644 1993 1651 2007 .
1667 1963 1726 2026 per
1752 1962 1830 2006 eun-

474 2031 506 2095 N
509 2080 688 2097 .............
690 2039 702 2072 ⁸
716 2040 750 2096 et
768 2032 918 2096 antistite
940 2040 1077 2097 nostro.
1093 2042 1127 2097 et
1177 2032 1255 2095 dem
1282 2030 1442 2095 christum
1469 2031 1644 2095 dominum
1672 2039 1831 2094 nostrum.

474 2139 550 2202 rege
567 2129 746 2184 nostro.et
762 2120 917 2183 omnibus
928 2119 1128 2184 orthodoxis
1261 2138 1324 2181 ane
1360 2117 1460 2201 igitur
1494 2118 1701 2183 oblationem
1731 2117 1832 2181 serui-

473 2215 575 2289 atque
591 2206 774 2272 catholicae
789 2217 823 2271 et
835 2207 1038 2291 apostolicae
1049 2207 1127 2272 fidei
1283 2206 1364 2270 tutis
1391 2215 1524 2269 nostrae
1550 2207 1609 2269 sed
1636 2215 1670 2270 et
1693 2215 1832 2270 cunctae

473 2294 663 2358 cultoribus.
1179 2293 1324 2357 familiae
1345 2303 1423 2358 tuae
1445 2307 1674 2371 QUAESUMUS
1697 2293 1832 2357 domine

565 2394 700 2446 emento
733 2381 869 2446 domine
904 2380 1127 2447 famulorum.
1179 2391 1216 2445 ut
1239 2380 1391 2465 placatus
1413 2382 1734 2465 accipias.diesque
1758 2400 1832 2443 nos·

595 2468 627 2532 N
650 2519 656 2532 .
678 2467 944 2553 famularumque
967 2479 1127 2535 tuarum.
1179 2478 1248 2532 tros
1276 2469 1309 2531 in
1336 2478 1394 2532 tua
1421 2488 1503 2552 pace
1533 2469 1693 2551 disponas
1709 2516 1716 2533 .
1732 2476 1834 2552 atque

476 2555 507 2618 N
524 2604 530 2620 .
547 2564 582 2620 et
611 2556 762 2620 omniurn
793 2558 1101 2621 circumastantium
1121 2607 1127 2621 .
1179 2556 1222 2619 ab
1238 2563 1373 2620 aeterna
1391 2556 1608 2620 damnatione
1626 2559 1708 2636 lnos
1728 2555 1810 2639 eripi
1828 2606 1834 2617 .

478 2691 1125 2709 .............................................
1179 2654 1214 2707 et
1255 2645 1288 2706 in
1326 2643 1507 2707 electorum
1546 2651 1679 2708 tuorum
1719 2644 1834 2707 iubeas

478 2779 558 2796 ......
566 2728 578 2760 ⁴
592 2751 733 2813 quorum
750 2730 810 2795 tibi
828 2729 910 2795 fides
925 2732 1062 2815 cognita
1077 2742 1128 2796 est
1179 2751 1281 2814 grege
1305 2732 1492 2796 numerari.
1509 2751 1569 2815 per
1591 2731 1752 2795 christum
1775 2730 1835 2795 do·

475 2827 509 2882 et
540 2828 621 2881 nota
651 2818 887 2902 deuotio.pro
917 2820 1037 2902 quibus
1068 2819 1128 2883 tibi
1180 2820 1308 2882 minum
1326 2828 1485 2882 nostrum.

475 2904 663 2991 offerimus.
677 2904 730 2969 uel
751 2906 808 2989 qui
827 2906 887 2969 tibi
907 2905 1050 2971 offerunt
1066 2906 1129 2971 hoc
1181 2902 1331 3073 Quam
1354 2905 1559 2971 oblationem
1581 2916 1618 2970 tu
1637 2906 1719 2970 deus
1735 2927 1835 2988 quae·

475 2991 671 3055 sacrificium
699 2991 906 3076 laudis.pro
933 3014 968 3057 se
994 2994 1129 3075 suisque
1276 3014 1392 3057 sumus
1426 2995 1459 3057 in
1494 2992 1665 3057 omnibus*
1699 2995 1785 3058 bene
1804 3003 1835 3064 ›1‹

476 3078 632 3144 omnibus
647 3129 654 3144 .
671 3099 731 3164 pro
751 3080 981 3165 redemptione
1002 3081 1129 3146 anima·
1179 3082 1305 3146 dietam
1328 3132 1334 3145 .
1355 3082 1589 3165 ascriffiptam
1611 3130 1619 3146 .
1641 3091 1727 3153 itane
1742 3091 1835 3149 tam.

477 3188 548 3230 rum
571 3188 729 3232 suarum.
748 3189 809 3251 pro
825 3189 884 3252 spe
899 3168 1015 3233 salutis
1031 3179 1065 3233 et
1081 3170 1129 3233 in·
1182 3170 1422 3243 Rationabilem
1449 3170 1758 3253 acceptabilemque
1789 3171 1836 3236 sa·

476 3253 680 3319 columitatis
696 3257 867 3321 suae,tibi
873 3306 953 3321 ......
955 3256 967 3287 ⁵
986 3258 1131 3321 reddunt
1181 3278 1254 3322 cere
1284 3258 1454 3339 digneris.
1472 3269 1507 3322 nt
1538 3258 1635 3321 nobis
1668 3267 1837 3341 corfflpus

478 3352 558 3405 uota
577 3362 638 3405 sua
653 3352 788 3406 aeterno
804 3342 883 3427 ldeo
899 3344 978 3408 uiuo
993 3354 1027 3407 et
1043 3365 1130 3408 uer0.
1182 3355 1216 3409 et
1246 3347 1343 3408 sani·
1354 3345 1429 3427 guis
1459 3344 1518 3409 liat
1543 3345 1750 3409 dilectissimi
1780 3345 1836 3409 filii

475 3430 775 3494 Communicantes
799 3440 833 3494 et
856 3432 1051 3495 memoriam
1075 3451 1131 3494 ue·
1182 3433 1230 3497 tui
1247 3433 1374 3496 domini
1391 3434 1494 3496 nostri
1514 3433 1588 3497 lesu
1604 3432 1728 3497 christi.

479 3525 633 3580 necantes
648 3517 680 3580 in
697 3518 813 3601 primis
824 3517 988 3600 gloriosae
1000 3539 1133 3601 semper
1182 3518 1290 3687 Qui
1317 3521 1424 3603 pridie
1454 3540 1556 3603 quam
1587 3530 1759 3603 pateretur
1784 3541 1837 3585 ac·

479 3603 616 3685 uirginis
647 3618 793 3668 MARIAE
821 3606 991 3687 genitricis
1017 3606 1071 3669 dei
1098 3616 1132 3670 et
1279 3609 1368 3691 cepit
1402 3628 1524 3692 panem
1561 3608 1593 3670 in
1630 3618 1764 3672 sanctas
1798 3629 1838 3671 ac

479 3691 607 3755 domini
645 3692 749 3755 nostri
789 3693 864 3757 lesu
902 3693 1015 3757 christi
1039 3743 1047 3757 .
1071 3695 1132 3757 sed
1185 3695 1391 3758 uenerabiles
1431 3715 1550 3759 manus
1592 3695 1685 3759 suas⁸
1688 3745 1769 3759 ......
1773 3696 1837 3759 ele·

480 3787 513 3841 et
536 3777 710 3843 beatorum
734 3780 960 3864 apostolorum
984 3801 1023 3844 ac
1047 3800 1133 3844 mar·
1185 3783 1271 3846 uatis
1292 3782 1395 3847 oculis
1417 3783 1448 3846 in
1466 3781 1595 3846 caelum
1617 3783 1660 3846 ad
1682 3793 1715 3846 te
1736 3785 1836 3847 deum

480 3874 592 3947 tyrum
614 3867 1134 3933 tuorum.Petn.Pnnn1.An-
1184 3879 1315 3953 patrem
1346 3891 1443 3933 suum
1474 3871 1741 3952 omnipotentem
1778 3871 1838 3935 tibi

480 3954 1135 4021 DREAE.IACOBl,IOHANN18.THO·
1184 3958 1309 4040 gratias
1354 3979 1457 4041 agens
1503 3959 1736 4033 beneffldixit
1740 4007 1821 4022 ......
1828 3956 1840 3987 ⁹

611 4130 620 4182 ll
632 4124 675 4175 iol.
689 4141 730 4188 4²·
862 4126 921 4190 liol.
936 4143 967 4190 4²
976 4144 1001 4178 v.
1451 4138 1461 4189 tl
1472 4131 1515 4181 sol.
1530 4147 1569 4195 43.

530 4301 539 4333 ¹
556 4302 624 4352 Tine
636 4303 686 4352 and
699 4302 750 4352 first
762 4302 849 4352 elenen
861 4305 943 4356 words
953 4305 983 4355 ol
991 4306 1080 4356 Canon
1092 4307 1208 4371 supplied
1220 4308 1254 4372 by
1265 4317 1365 4373 present
1376 4309 1464 4357 editor.

530 4367 541 4398 ²
558 4369 717 4431 decent-42
730 4367 858 4431 (dl—over
869 4371 961 4419 second
973 4388 986 4421 s
1003 4373 1078 4421 llable
1090 4372 1118 4422 ol
1128 4380 1134 4400 ‘
1143 4373 1267 4422 unacum'

530 4431 541 4463 ³
557 4433 640 4482 Blank
651 4450 749 4483 erasure
760 4434 789 4484 ol
798 4435 840 4485 the
851 4436 923 4486 value
934 4436 964 4486 ot'
971 4453 986 4486 a
1021 4446 1048 4487 ut
1060 4455 1135 4488 seven
1147 4439 1304 4489 minuscules.
1341 4440 1396 4488 The
1407 4448 1478 4489 outer
1489 4440 1585 4503 margin
1597 4441 1618 4489 is
1630 4441 1735 4506 roughly
1743 4440 1838 4506 t'rayed‚

482 4516 509 4549 as
521 4498 662 4613 tpopffipy
673 4500 715 4549 the
727 4500 885 4616 obliperatipn
897 4502 949 4616 olla
961 4503 1085 4618 pepepplgd
1098 4506 1293 4555 memorandum.

652 4581 749 4615 erasure
761 4582 778 4615 o
798 4583 858 4616 near
894 4584 909 4616 a
930 4584 971 4616 me
982 4586 998 4618 o
1071 4603 1078 4617 .

531 4628 542 4659 ⁶
560 4630 641 4679 Blank
653 4646 759 4688 erasure,
771 4585 930 4697 obtiteniting
943 4633 985 4697 (no
996 4634 1086 4698 doubt)
1098 4651 1130 4685 an
1142 4635 1304 4686 abbreviated
1317 4635 1390 4701 ‘que’
1401 4636 1508 4686 enclitic.

532 4694 543 4726 ⁸
560 4694 641 4744 Blank
653 4712 751 4746 erasure
762 4696 791 4747 ol
799 4714 868 4748 more
880 4698 940 4748 than
951 4715 967 4749 a
978 4700 1028 4749 line
1040 4699 1069 4748 ol
1077 4709 1137 4751 tent.

532 4759 542 4795 ⁷
562 4763 723 4825 ‘quaesumus
738 4763 763 4811 in
779 4763 912 4813 omuibus’
946 4765 1017 4815 Thus
1033 4765 1130 4816 written
1147 4766 1236 4831 hythe
1251 4766 1416 4826 transcriber3
1433 4766 1478 4816 but
1494 4766 1671 4832 transposition
1686 4768 1771 4818 marles
1782 4786 1842 4820 over

484 4826 527 4876 the
539 4832 545 4852 ‘
569 4825 711 4876 uaesumus'
722 4828 772 4876 and
785 4827 827 4878 the
838 4828 894 4877 ‘in’
906 4829 1016 4880 indicate
1027 4847 1043 4880 a
1053 4832 1150 4897 change
1162 4841 1188 4881 to
1201 4832 1238 4881 ‘in
1250 4832 1366 4882 omuibus
1377 4832 1545 4897 quaesumus!

532 4890 544 4923 ⁸
602 4908 616 4941 e
627 4893 696 4941 word
712 4891 759 4942 ‘et’
771 4909 818 4942 can
830 4895 862 4943 be
872 4894 1002 4946 discemed
1014 4897 1122 4947 beueath
1134 4913 1150 4946 a
1160 4898 1230 4947 short
1241 4913 1339 4948 erasure
1349 4898 1463 4948 between
1475 4898 1561 4955 ‘suas’
1572 4899 1622 4948 aud
1638 4898 1773 4950 ‘eleuatis’

533 4954 617 5006 'The
635 4972 734 5006 erasure
754 4958 866 5009 between
886 4959 972 5011 ‘dixit’
988 4962 1040 5011 and
1057 4961 1154 5028 ‘fregit’
1171 4962 1192 5013 is
1210 4963 1239 5013 ot'
1257 4963 1318 5013 such
1338 4980 1353 5012 a
1370 4964 1455 5030 length
1472 4980 1500 5014 us
1517 4973 1544 5014 to
1561 4963 1625 5014 have
1642 4965 1792 5015 obliterated
1809 4981 1842 5015 an

487 5021 554 5077 ‘ac'3
578 5021 622 5071 but
642 5022 692 5072 this
714 5022 797 5072 would
820 5040 895 5084 seem,
915 5026 940 5075 in
963 5026 995 5076 its
1017 5036 1083 5085 tum,
1104 5036 1130 5078 to
1152 5029 1215 5078 have
1237 5029 1387 5093 superseded
1410 5046 1442 5079 an
1464 5028 1562 5094 ‘atque'
1579 5046 1606 5080 re
1624 5031 1725 5081 udiated
1750 5032 1783 5095 by
1799 5032 1842 5081 the

484 5086 756 5217 ppppeserplpe‘rfrlpglnpeli,
774 5087 812 5138 lor
830 5089 956 5141 lancem
973 5093 1041 5142 what
1061 5092 1134 5143 loolrs
1154 5093 1205 5144 lilre
1224 5093 1267 5144 the
1287 5103 1354 5144 trace
1373 5094 1403 5144 ol
1421 5111 1436 5145 a
1455 5097 1555 5145 crossed
1574 5047 1712 5162 ‘unnder
1728 5096 1771 5147 the
1790 5096 1842 5148 first
