4109 6275
625 787 677 836 ΑΙ)
701 785 981 835 IMPETRANDAM
1006 786 1248 838 SAPIENTIAM.

256 962 384 1044 uirgine
406 963 506 1025 deum
535 983 649 1026 uerum
677 972 711 1027 et
738 964 908 1027 hominem

256 1048 393 1112 firmiter
423 1047 621 1114 confitemur
641 1100 648 1113 .
670 1071 729 1134 per
759 1051 908 1114 eiusdem

255 1136 445 1200 salutiferae
484 1137 720 1201 incarnationis
747 1188 753 1201 .
784 1139 909 1202 Natiui-

254 1224 334 1288 tatis
360 1273 367 1287 .
396 1224 557 1287 Passionis
585 1273 592 1288 .
619 1225 876 1289 Resurrectionis
902 1276 909 1289 .

255 1320 289 1375 et
322 1312 492 1375 aduentus
528 1309 674 1395 lspiritus
708 1314 815 1376 sancti
851 1334 909 1396 po·

255 1399 395 1462 tentiam
412 1448 419 1462 .
435 1399 478 1462 ad
503 1409 672 1462 aeternam
701 1421 910 1464 mereamur.

255 1486 429 1568 peruenire
445 1486 607 1550 laetitiam
627 1508 634 1550 :
650 1509 710 1571 per
724 1489 877 1551 eundem.

433 1652 731 1703 postcommunio,

264 1746 426 1872 Praesta
459 1762 661 1824 quaesumus
698 1742 911 1825 omnipotens

339 1838 433 1910 pater
451 1839 510 1892 :ut
537 1829 594 1911 qui
622 1827 679 1891 lilii
707 1830 755 1893 tui
782 1829 910 1893 domini

256 1915 359 1978 nostri
391 1915 460 1978 iesu
491 1916 604 1979 christi
641 1917 877 1980 incarnationis
903 1966 910 1980 .

258 2002 448 2065 Natiuitatis
471 2054 477 2066 .
497 2003 685 2067 Passionis.
707 2003 910 2067 Resurrecti-

256 2089 330 2152 onis
361 2140 367 2152 .
399 2090 606 2153 Ascensionis
635 2141 642 2153 .
673 2100 707 2153 et
741 2092 911 2155 aduentus

257 2176 391 2259 spiritus
426 2179 532 2241 sancti
569 2179 765 2241 memoriam
796 2178 911 2243 debita

257 2265 481 2328 uenerationis
519 2265 617 2329 laude
655 2264 794 2328 colimus
818 2315 824 2329 .
848 2265 910 2348 ipsi

257 2371 316 2434 per
331 2352 481 2415 eiusdem
497 2352 633 2434 spiritus
649 2353 754 2415 sancti
771 2362 910 2416 amorte

256 2438 390 2502 animae
428 2459 639 2522 resurgamus
669 2488 676 2503 .
706 2449 740 2502 et
778 2441 811 2503 in
852 2449 911 2503 tua

257 2546 389 2608 semper
424 2525 690 2590 sanctificatione
728 2528 910 2592 uiuamus.

257 2633 316 2695 per
338 2615 480 2677 eundem

256 2841 317 2900 Α[)
368 2841 734 2902 ΙΜΡΕΤΗΑΝΒΑΜ
787 2842 910 2903 8ΑΡΙ·

482 2924 688 3019 ΕΝΤΙΑΜ.

333 3050 402 3100 EUS
439 3050 506 3113 QUI
545 3050 614 3100 PER
655 3050 910 3101 COAETERNAM

354 3138 429 3188 run
469 3138 698 3190 snmaunmu
741 3125 910 3190 hominem

257 3232 333 3274 cum
345 3233 411 3275 non
422 3223 510 3276 esset
519 3213 699 3276 condidisti
709 3264 716 3276 .
728 3215 909 3295 perditum-

258 3320 324 3381 que
377 3300 633 3364 misericorditer
685 3300 870 3364 reformasti
905 3326 911 3366 :

258 3396 391 3468 praesta
411 3408 614 3469 quaesumus
634 3397 669 3450 ut
686 3389 818 3451 cadem¹
835 3408 911 3471 pec·

258 3483 332 3536 tora
347 3484 460 3537 nostra
473 3475 656 3556 inspirante
668 3484 702 3539 te
714 3484 787 3538 tota
798 3485 910 3539 mente

258 3580 410 3624 amemus
426 3611 432 3624 .
448 3574 483 3625 et
503 3563 546 3625 ad
569 3572 603 3625 te
624 3572 697 3626 toto
718 3563 818 3625 corde
838 3583 910 3626 cur·

259 3668 369 3713 ramus
385 3673 392 3712 :
408 3670 474 3731 per.

502 3774 663 3820 secum

260 3866 517 3994 Sanctificetur
543 3887 745 3948 quaesumus
775 3867 911 3932 domine

332 3955 414 4018 deus
445 3954 542 4017 huius
574 3963 706 4016 nostrae
732 3954 911 4018 oblationis

261 4061 380 4105 munus
411 4051 469 4104 tua
495 4048 697 4122 cooperante
723 4043 910 4124 sapientia.

260 4138 297 4192 ut
319 4128 378 4192 tibi
403 4127 534 4211 placere
556 4129 663 4211 possit
685 4128 728 4191 ad
753 4130 911 4194 laudern.

259 4227 293 4279 et
308 4216 404 4280 nobis
420 4215 580 4299 proficere
598 4216 640 4278 ad
660 4215 802 4279 salutern
822 4241 829 4279 :
844 4237 910 4298 per.

436 4399 733 4447 postcommunio.

267 4481 440 4615 INFunde
455 4499 657 4562 quaesumus
672 4480 809 4543 domine
829 4482 912 4544 deus

322 4587 381 4649 per
392 4567 474 4631 haec
486 4575 602 4630 sancta
612 4588 699 4649 quae
708 4568 911 4650 sumpsimus

260 4655 432 4727 llcordibus
454 4655 575 4717 nostris
595 4663 673 4718 tuae
695 4654 806 4718 lumen
823 4657 910 4737 sapi-

258 4742 397 4804 entiae.
426 4752 462 4804 ut
500 4750 533 4804 te
571 4743 733 4804 ueraciter
769 4762 910 4823 cognos-

258 4849 373 4892 camus
388 4879 395 4892 .
412 4838 446 4891 et
467 4827 609 4892 fideliter
626 4829 805 4911 diligamus
822 4853 829 4890 :
843 4849 910 4911 per.

373 4970 431 5034 llol.
448 4986 491 5035 145
500 4988 523 5020 v.
658 4976 668 5027 ll
681 4970 723 5020 lol.
741 4970 793 5033 146.

1559 795 1617 859 ¹33

961 958 1022 1017 ΑΒ
1067 961 1340 1023 ΡΕΤΕΝὓϋΜ
1388 965 1613 1027 sauctae

1046 1044 1306 1108 ΚΑΗΙΤΑΤΙὸ
1339 1048 1534 1109 DONUM.

1040 1152 1258 1205 MNIPOTENS
1270 1155 1510 1205 SEMPITERNE
1523 1156 1619 1207 DEUS

1061 1239 1129 1304 our
1153 1240 1352 1292 msnnnu
1374 1238 1453 1293 tuae
1476 1227 1558 1313 legis
1585 1230 1618 1293 in

961 1314 1117 1378 cordibus
1162 1315 1368 1379 credentium
1411 1317 1518 1399 digito
1559 1327 1619 1380 tuo

962 1401 1079 1465 scribis
1105 1404 1180 1466 :da
1217 1403 1313 1466 nobis
1349 1404 1437 1468 Fidei
1474 1407 1548 1487 spei
1584 1414 1618 1467 et

964 1491 1119 1552 Karitatis
1140 1501 1358 1573 augmentum
1376 1542 1382 1555 .
1398 1501 1432 1556 et
1456 1502 1492 1555 ut
1514 1513 1617 1556 mere·

962 1595 1058 1640 amur
1081 1579 1213 1660 assequi
1240 1580 1331 1662 quod
1359 1579 1549 1662 promittis.
1566 1579 1618 1642 sac

963 1682 1024 1726 nos
1039 1685 1152 1728 amare
1167 1666 1257 1747 quod
1273 1666 1437 1750 praecipis
1456 1688 1462 1730 :
1479 1688 1545 1749 per.

1207 1801 1369 1851 secuerat.

969 1883 1130 2009 Emitte
1145 1883 1282 1946 domine
1302 1905 1504 1965 quaesumus
1523 1886 1617 1969 spiri·

1054 1980 1125 2033 tum
1164 1971 1312 2033 caritatis
1342 2022 1349 2035 .
1379 1973 1437 2055 qui
1469 1981 1503 2036 et
1534 1973 1617 2036 haec

963 2058 1153 2138 praesentia
1193 2068 1306 2122 nostra
1345 2079 1483 2122 munera
1522 2070 1616 2123 tuum

963 2144 1061 2206 nobis
1085 2144 1206 2208 efficiat
1229 2156 1499 2210 sacramentum.
1516 2157 1550 2210 et
1572 2149 1615 2211 ad

963 2231 1025 2294 hoc
1065 2232 1315 2315 percipiendum
1358 2234 1458 2297 corda
1504 2246 1617 2298 nostra

962 2319 1114 2401 purificet
1137 2343 1144 2382 ε
1167 2340 1233 2402 per.

1180 2448 1403 2501 ΡΗΑΕΡΗΑΤΙΟ.

966 2552 1106 2682 VERE
1134 2558 1193 2619 per
1221 2539 1405 2602 christum.
1424 2541 1484 2602 Per
1515 2561 1615 2623 quem

1055 2625 1227 2708 discipulis
1256 2626 1392 2709 spiritus
1416 2637 1552 2691 sanctus
1582 2629 1615 2690 in

964 2724 1052 2777 terra
1061 2714 1161 2776 datur
1170 2714 1214 2776 ob
1226 2713 1439 2777 dilectionem
1453 2715 1616 2797 proximi.

964 2811 998 2864 et
1019 2801 1062 2863 de
1082 2801 1176 2863 caelo
1196 2802 1339 2864 mittitur
1359 2813 1495 2883 propter
1516 2801 1616 2865 dilec-

964 2888 1089 2951 tionem
1116 2888 1164 2951 tui
1182 2938 1188 2950 .
1205 2890 1301 2951 cuius
1325 2887 1446 2951 inlusio
1470 2889 1617 2971 petimus

965 2986 1001 3039 ut
1040 2977 1072 3037 in
1111 2976 1208 3039 nobis
1246 2985 1458 3057 peccatorum
1502 2978 1617 3040 sordes

963 3072 1085 3126 exurat
1100 3112 1107 3124 .
1124 3063 1171 3127 tui
1194 3064 1316 3125 amoris
1335 3063 1446 3146 ignem
1468 3065 1615 3127 nutriat.

963 3161 997 3214 et
1013 3172 1074 3214 nos
1090 3151 1132 3214 ad
1154 3171 1301 3214 amorem
1326 3152 1542 3215 fraternitatis
1563 3173 1616 3215 ac·

962 3239 1085 3302 cendat
1101 3261 1108 3300 :
1124 3259 1183 3320 per
1197 3259 1307 3320 quem.

1141 3369 1439 3416 postcommunio,

987 3455 1150 3538 *piritum
1173 3458 1269 3521 nobis
1290 3458 1426 3521 domine
1441 3468 1520 3522 tuae
1535 3459 1616 3522 cari·

1036 3546 1116 3608 tatis
1132 3544 1270 3608 inlunde
1281 3596 1288 3609 .
1301 3554 1338 3609 ut
1353 3567 1438 3628 quos
1451 3567 1518 3610 uno
1529 3567 1617 3630 pane

962 3632 1096 3696 caelesti
1113 3633 1242 3697 satiasti
1260 3683 1266 3696 .
1284 3633 1356 3716 {tua
1372 3633 1474 3697 facias
1490 3636 1616 3717 pietate

962 3721 1145 3784 concordes
1162 3744 1169 3784 :
1184 3741 1265 3803 per.
1283 3721 1442 3785 eiusdem.

963 3912 1024 3971 ΑΒ
1056 3911 1359 3972 poscendum
1392 3914 1613 3975 ΟΗΑΤΙΑΜ

1067 3993 1294 4053 SPlRlTUS
1326 3994 1518 4055 ΒΑΝΟΤΙ.

964 4079 991 4134 Ᾰ.
1023 4080 1145 4150 Spiritus
1170 4081 1277 4135 domini
1301 4081 1418 4153 repleuit
1440 4083 1537 4137 orbem
1563 4094 1616 4137 ter·

998 4169 1090 4205 rarum
1116 4151 1229 4206 alleluia
1252 4164 1280 4207 et
1305 4153 1359 4206 hoc
1388 4154 1463 4223 quod
1491 4155 1616 4207 continet

997 4223 1095 4277 omnia
1118 4221 1269 4278 scientiam
1292 4223 1379 4278 habet
1404 4225 1481 4277 uocis
1504 4225 1617 4279 alleluia

997 4293 1110 4348 alleluia
1122 4294 1242 4349 alleluia.
1280 4299 1314 4344 l³s
1331 4294 1467 4349 Omnium
1480 4305 1523 4348 est
1538 4295 1616 4350 enim

997 4364 1098 4447 artiseu
1112 4381 1227 4448 omnem
1245 4366 1353 4419 habens
1371 4366 1504 4420 uirtutem
1520 4366 1617 4420 omnia
1650 4423 1653 4428 ,

997 4452 1180 4506 prospiciens.

1223 4525 1361 4574 ΟΒΑΤΙΟ,

1038 4611 1108 4662 EUS
1130 4598 1190 4680 qui
1207 4597 1362 4661 hodierna
1383 4598 1437 4662 die
1457 4598 1555 4662 corda
1567 4599 1615 4682 fi-

1058 4683 1179 4748 delium
1212 4684 1320 4747 sancti
1352 4685 1490 4766 spiritus
1524 4686 1615 4749 illus·

963 4772 1104 4834 tratione
1116 4772 1256 4835 docuisti
1269 4772 1340 4835 :da
1355 4772 1445 4836 nobes
1460 4774 1495 4835 in
1510 4774 1615 4836 codem

960 4858 1080 4939 spiritu
1119 4869 1202 4922 recta
1237 4870 1374 4941 sapere.
1397 4870 1430 4923 et
1468 4859 1508 4923 de
1547 4861 1617 4923 eius

1211 4972 1271 5033 llol.
1289 4972 1366 5036 146v.

606 5123 613 5154 ¹
633 5126 729 5173 Accent
740 5124 766 5173 in
779 5124 835 5175 MS.
851 5140 909 5174 over
921 5123 1013 5173 second
1025 5123 1099 5173 letter
1109 5124 1139 5173 os
1148 5126 1156 5150 ⁴
1164 5124 1272 5175 eadem)
