4109 6275
458 780 503 842 40
937 776 977 824 lN
1003 775 1170 825 SABBATO
1193 776 1348 826 SANCTO.

458 960 509 1013 tra
547 950 794 1013 oblectamenta
831 949 958 1031 peccati
993 948 1116 1012 mentis
1168 969 1354 1017 ttcrtou.
1394 950 1484 1013 Audi
1502 950 1598 1013 israel
1615 946 1798 1012 mandata⁹.

459 1038 588 1100 ratione
603 1037 779 1119 persistere
795 1087 802 1099 .
815 1045 851 1099 ut
869 1056 1056 1099 mereamur
1071 1037 1113 1100 ad
1612 1051 1820 1123 [Tuncruslt

458 1125 582 1208 gaudia
598 1135 735 1188 aeterna
751 1124 925 1206 peruenire
942 1145 949 1185 ι
967 1144 1035 1206 per.
1425 1143 1565 1194 ounrto.

1242 1240 1432 1322 mnipotens
1470 1238 1671 1321 sempiterne
1708 1240 1820 1302 deus.

1270 1329 1397 1409 respice
1425 1327 1589 1410 propitius
1618 1326 1661 1389 ad
1692 1327 1821 1390 deuoti-

1165 1434 1266 1477 onem
1283 1414 1397 1497 populi
1415 1414 1619 1478 renascentis
1635 1463 1642 1479 .
1657 1414 1715 1498 qui
1737 1413 1821 1478 sicut

716 1555 724 1569 ·
852 1555 860 1568 .
993 1554 1001 1568 .
1167 1521 1284 1564 ceruus
1321 1522 1483 1566 auarum
1522 1511 1654 1566 tuarum
1689 1522 1735 1565 ex
1781 1502 1821 1565 tit

466 1556 657 1708 Diffi&
671 1553 1116 1706 ἓυὲὲῗηὲᾞξέὦὶὃᾞῖῖὲξ
1168 1588 1294 1654 iontem
1311 1522 1369 1653 ‘git
1398 1589 1545 1653 concede
1575 1522 1822 1672 propitiusplut

657 1731 664 1744 .
1108 1729 1115 1742 .
1168 1674 1244 1739 fidei
1261 1677 1366 1760 ipsius
1387 1676 1712 1759 sitis.baptismatis
1734 1698 1821 1759 mys·

460 1752 536 1795 ⁶³¹⁸
580 1742 743 1794 ⁵e⁰t¹m¹¹⁵
765 1779 772 1794 ·
795 1729 877 1793 dum
922 1730 1013 1813 q¹¹⁰d
1059 1749 1115 1792 ¹¹⁰¹
1166 1764 1250 1829 terio
1261 1766 1409 1829 animam
1421 1785 1608 1848 corpusque
1619 1763 1822 1829 sanctificet:

461 1817 588 1902 populo
633 1841 653 1881 a
694 1817 925 1899 persecutione
955 1816 1117 1900 aegyptia

461 1905 635 1970 liberando
665 1906 826 1969 dexterae
856 1914 934 1968 tuae
964 1903 1117 1986 potentia
1166 1872 1233 1934 Μ’

461 1993 631 2057 contulisti
650 2014 657 2056 ε
674 1991 707 2055 id
735 1992 768 2055 in
795 1991 937 2055 salutem
964 1992 1114 2075 gentium

461 2101 521 2164 per
536 2101 658 2164 aquam
676 2078 935 2163 regenerationis
950 2079 1117 2162 operaris:
1167 2052 1180 2125 ll
1195 2063 1291 2260 D

461 2179 595 2251 praesta
622 2178 658 2232 ut
686 2168 718 2230 in
746 2166 892 2231 abrahae
919 2165 1003 2230 filios
1026 2176 1061 2230 et
1084 2166 1116 2228 in

462 2255 671 2320 israeliticam
689 2255 888 2338 dignitatem
905 2253 1009 2319 totius
1022 2274 1117 2317 mun·
1288 2316 1294 2326 ,
1332 2241 1547 2292 DOM1N1cnu
1571 2242 1821 2328 REsUitREc‘ss-

461 2345 495 2407 di
512 2352 659 2408 transeat
675 2342 850 2425 plenitudo
865 2392 871 2405 ,
889 2362 956 2425 per,
1167 2329 1256 2379 ONIS
1286 2314 1432 2378 illustras
1450 2335 1457 2378 :
1478 2336 1640 2379 conserua
1671 2336 1703 2378 rn
1735 2337 1821 2379 noua

1168 2401 1313 2465 familiae
1340 2411 1418 2465 tuae
1445 2404 1605 2485 progenie
1631 2404 1821 2486 adoptionis

460 2526 585 2574 tectio
601 2563 606 2573 .
623 2523 662 2572 ut.
700 2504 978 2589 Apprehendent.
1166 2489 1319 2573 spiritum
1341 2509 1442 2572 quem
1462 2490 1585 2590 dedisti
1602 2540 1609 2555 .
1626 2501 1662 2554 ut
1683 2511 1821 2591 corpore

920 2606 1113 2679 [smmi
1167 2586 1202 2678 et
1218 2585 1330 2640 mente
1350 2587 1501 2679 renpuatr
1516 2628 1523 2641 .
1540 2599 1658 2661 puram
1681 2579 1742 2643 tibi
1763 2599 1820 2642 ex-

710 2680 873 2750 lounrtot
1167 2664 1304 2729 hrbeant
1331 2674 1525 2729 seruitutem
1543 2686 1626 2748 :per
1651 2667 1819 2729 eundern.

466 2781 607 2908 Dssus
631 2784 697 2847 QUI
722 2791 783 2833 nos
809 2769 853 2832 ad
880 2767 1116 2832 celebrandum
1167 2752 1200 2814 in
1217 2752 1345 2815 unitate
1360 2752 1509 2816 eiusdem
1526 2753 1661 2835 spiritus
1676 2754 1792 2818 sancti.

564 2857 721 2941 paschale
753 2866 998 2920 sacramentum
1039 2856 1117 2919 utri·
1703 2860 1713 2879 ·

463 2966 568 3029 usque
588 2944 782 3009 testamenti
803 2944 934 3027 paginis
957 2943 1118 3008 instruis:

460 1314 584 1362 ιεοτιο
599 1351 604 1361 .
621 1314 648 1361 n.
689 1296 832 1355 Factum
849 1299 900 1355 est
917 1292 950 1353 in
967 1291 1090 1373 uigilia.
1170 1241 1236 1369 O

915 1391 1112 1464 [renerum.

711 1473 864 1520 onnrroi.

1301 2060 1368 2110 EUS
1400 2061 1462 2123 Qui
1497 2060 1601 2109 llANC
1632 2060 1819 2109 stellaris·

1329 2148 1448 2196 slusii
1488 2154 1644 2204 NOCTEM
1681 2155 1820 2205 GLORIA

1412 2897 1576 2965 secnern.

462 3033 506 3098 da
530 3033 626 3097 nobis
649 3031 833 3115 intelligere
856 3030 1115 3094 misericordiam
1167 3015 1333 3146 suscipe
1344 3037 1547 3099 quaesumus
1559 3018 1696 3082 domine
1708 3039 1821 3102 preces

462 3131 555 3186 tuam
572 3172 579 3185 .
596 3131 632 3186 ut
659 3141 703 3183 ex
727 3119 939 3203 perceptione
962 3139 1117 3203 praesen·
1249 3104 1363 3188 POPUll
1401 3105 1449 3170 tul
1484 3125 1559 3169 cum
1595 3104 1821 3171 oblationibus

462 3209 546 3273 tium
560 3229 733 3272 munerum
745 3256 752 3272 ,
763 3207 858 3271 firma
869 3206 912 3270 sit
924 3208 1118 3290 expectatio
1168 3193 1350 3256 hostiarum
1368 3242 1374 3256 .
1391 3203 1427 3256 ut
1451 3193 1665 3275 paschalibus
1692 3195 1822 3259 initiata

464 3295 648 3360 futurorum
665 3318 672 3358 :
688 3316 754 3378 pes,
1169 3281 1364 3362 mysteriis.
1388 3281 1431 3344 ad
1475 3282 1683 3345 aeternitatis
1727 3283 1822 3346 nobis

1169 3367 1332 3431 medelam
1365 3378 1399 3430 te
1429 3378 1591 3450 operante
1622 3367 1821 3452 proficiant.

459 3469 524 3585 linat
565 3519 597 3580 H
607 3538 665 3581 aec
682 3525 733 3580 est
749 3515 938 3580 hereditas⁷.
1168 3475 1234 3536 Ρη

916 3617 1112 3690 [ranorust⁴

717 3700 855 3756 onorio,

538 3795 608 3845 Etis
628 3782 684 3863 qui
707 3779 901 3843 aecclesiam
922 3789 1014 3842 tuam
1032 3800 1117 3843 sem·

559 3891 619 3953 per
638 3868 788 3951 gentium
810 3867 986 3930 uocatione
1006 3867 1117 3930 multi-

464 3957 569 4039 plicas
585 4007 592 4021 .
607 3954 755 4019 concede
775 3955 938 4036 propitius
954 4002 961 4018 .
977 3963 1014 4017 ut
1033 3975 1118 4037 quos

463 4066 551 4128 aqua
574 4043 786 4128 baptismatis
809 4041 916 4105 abluis
932 4091 939 4105 .
957 4042 1119 4105 continua

463 4132 670 4216 protectione
686 4131 809 4194 tuearis
825 4153 832 4192 ε
847 4150 913 4212 per.

720 4244 726 4305 Ι
739 4243 782 4293 iol.
795 4257 858 4306 4ου.
1388 4249 1397 4300 ΙΙ
1409 4242 1452 4293 toi.
1465 4259 1507 4308 41,
1520 4244 1564 4293 lin.
1579 4261 1599 4294 τ.

1381 3568 1607 3619 ΡΗΑΕΡΗΑΤΙΟ.

1249 3670 1322 3719 anu
1356 3670 1510 3721 mortun
1545 3672 1752 3723 herenna.
1779 3662 1823 3724 Et

1270 3754 1303 3808 te
1319 3744 1454 3827 quidem
1471 3747 1563 3809 omni
1580 3756 1732 3829 tempore
1744 3772 1751 3811 ε
1764 3749 1821 3811 sed

1168 3833 1200 3894 in
1218 3834 1280 3894 hac
1297 3832 1507 3913 potissimum
1529 3843 1628 3898 nocte
1647 3833 1822 3916 gloriosius

1168 3920 1382 4001 praedicare.
1400 3939 1474 3983 cum
1513 3920 1639 4002 pascha
1672 3935 1821 3986 nostrum

1169 4007 1362 4070 immolatus
1378 4018 1428 4069 est
1444 4006 1593 4070 christus.
1640 4009 1717 4092 lpse
1732 4011 1821 4074 enim

1168 4115 1265 4157 uerus
1288 4103 1339 4157 est
1362 4115 1468 4177 agnus
1485 4096 1564 4178 :qui
1587 4095 1726 4161 abstulit
1746 4119 1822 4180 pec·

512 4460 521 4492 ¹
540 4461 668 4510 Followed
681 4461 707 4510 in
720 4461 761 4510 the
773 4462 827 4512 MS.
844 4461 876 4525 by
888 4477 903 4510 a
914 4460 992 4509 blank
1003 4461 1060 4510 hals
1068 4461 1127 4510 line.

511 4524 522 4555 ²
540 4525 633 4576 Rubrie
644 4526 760 4603 supplied
772 4527 805 4590 by
816 4535 915 4592 present
927 4526 1015 4575 editor.

512 4590 523 4623 ³
540 4593 595 4642 The
608 4593 665 4642 MS.
676 4608 746 4669 gives
756 4592 816 4655 only
827 4592 871 4641 the
881 4592 961 4641 initial
972 4591 1046 4642 letter
1057 4591 1087 4640 ol
1096 4598 1102 4617 ⁸
1112 4592 1201 4641 Deus'.

512 4658 523 4688 ⁴
542 4657 668 4707 Followed
681 4673 706 4706 rn
718 4658 761 4707 the
774 4658 831 4707 MS.
844 4658 877 4721 by
888 4658 974 4721 nearly
984 4673 999 4707 a
1011 4657 1088 4706 blanlr
1101 4657 1160 4707 line.

511 4723 522 4753 ⁶
539 4724 731 4785 Rubrie-nso.
744 4723 928 4788 (il—supplied
941 4724 975 4787 by
985 4732 1084 4788 present
1096 4723 1184 4773 editor.
1195 4767 1197 4770 Α

511 4786 523 4819 ⁸
540 4787 755 4838 Accommodated
770 4796 796 4837 at
809 4789 851 4838 the
866 4789 915 4837 end
929 4788 958 4837 oi
971 4805 987 4837 a
1002 4789 1061 4850 line,
1081 4788 1192 4839 ·Lecti0'
1206 4789 1282 4854 being
1296 4790 1410 4850 omitted,
1427 4806 1455 4839 as
1471 4791 1488 4839 it
1506 4790 1587 4839 would
1605 4807 1682 4847 seem,
1698 4791 1736 4841 lor
1755 4801 1822 4841 want

466 4854 495 4903 Of
508 4870 520 4903 8
540 4869 596 4968 'felle
607 4918 784 4993 outer'morgin
795 4917 854 4968 here
865 4918 911 4967 hes
921 4920 964 4968 the
975 4920 1174 4980 memorandum,
1188 4919 1289 4970 ‘lectio
1301 4955 1307 4967 .
1320 4919 1424 4985 Scripsit
1436 4920 1554 4986 moyses'

512 4983 524 5016 ⁸
540 4983 670 5033 Followed
682 4999 706 5032 ιη
720 4984 762 5032 the
775 4984 829 5033 MS.
845 4983 878 5048 by
889 5001 905 5033 o
917 4984 993 5033 blank
1005 4985 1062 5034 hali
1069 4985 1127 5035 line.

512 5047 524 5078 ⁹
540 5048 596 5098 The
607 5058 678 5098 outer
689 5049 784 5112 margin
796 5049 854 5098 here
866 5049 911 5098 has
923 5049 1026 5100 'Lectio
1039 5085 1045 5097 .
1061 5051 1132 5100 Haec
1143 5059 1180 5101 est
1191 5050 1334 5101 hereditas)

512 5112 533 5145 ¹⁰
550 5114 679 5164 Followed
691 5114 716 5162 in
729 5114 771 5163 the
784 5115 839 5165 MS.
854 5115 887 5179 by
898 5115 1002 5164 ablani
1015 5115 1071 5164 hall
1078 5116 1137 5165 line.
