4109 6275
825 809 1049 858 FERIA
1096 807 1391 872 QUINTA
1440 808 1618 859 POST
1665 808 1828 858 DOM

994 1006 1322 1055 SEGRETA.

514 1085 603 1214 S
629 1083 853 1166 uscipe
874 1103 1279 1167 quaesumus
1301 1083 1576 1147 domine
1601 1103 1828 1184 preces

671 1171 900 1253 populi
976 1172 1070 1234 tui
1148 1191 1299 1234 cum
1375 1171 1830 1235 oblationibus

525 1256 887 1320 hostiarum
921 1308 934 1320 .
967 1268 1034 1322 et
1095 1266 1212 1321 tua
1274 1259 1590 1341 mysteria
1660 1258 1826 1321 cele-

526 1344 793 1408 brantes
835 1345 922 1408 ab
962 1345 1277 1410 omnibus
1306 1343 1622 1410 desende¹
1660 1346 1830 1429 peri-

525 1430 688 1494 culis
718 1480 732 1494 .
762 1452 896 1514 per.

865 1568 1199 1615 POSTCOM
1215 1569 1263 1612 Μ
1279 1566 1458 1613 [mlo.

515 1656 604 1785 S
628 1657 962 1723 anctificet
1003 1679 1126 1722 nos
1167 1659 1440 1723 domine
1481 1680 1614 1743 qua
1655 1658 1828 1742 pasti

662 1766 894 1809 sumus
919 1745 1219 1811 mensae'
1238 1747 1540 1811 caelestis
1567 1746 1798 1810 libatio
1816 1794 1831 1809 .

527 1843 594 1897 et
664 1854 703 1898 a
771 1834 1027 1897 cunctis
1086 1835 1412 1898 erroribus
1471 1834 1785 1917 expiatos
1816 1882 1831 1897 .

525 1920 826 2003 supernis
863 1922 1414 2004 promissionibus
1457 1921 1693 1986 reddat
1725 1941 1832 1985 ac-

527 2018 757 2091 ceptos
786 2057 801 2071 .
834 2030 965 2092 per.

857 2155 1071 2201 supr-:R
1129 2153 1477 2199 POPULUM.

518 2236 905 2370 Concede
950 2257 1356 2319 quaesumus
1403 2239 1832 2321 omnipotens

694 2324 899 2387 deus:
946 2335 1019 2387 ut
1060 2324 1172 2406 qui
1212 2325 1644 2406 protectionis
1676 2336 1832 2390 tuae

525 2410 809 2493 gratiam
842 2411 1252 2493 quaerimuS.
1275 2410 1533 2476 liberati
1566 2433 1607 2476 a
1638 2412 1833 2476 malis

527 2498 837 2560 omnibus
888 2518 1121 2562 secura
1172 2497 1293 2563 tibi
1346 2510 1569 2564 mente
1619 2501 1832 2564 samu-

529 2584 739 2648 lemur
767 2634 781 2648 .
815 2606 949 2668 per.

1299 2710 1372 2756 ta

955 2777 1275 2836 ΡΕΒΙΑ.
1308 2777 1381 2836 U.

529 2898 587 2955 Ᾰ.
679 2900 845 2955 Salus
869 2898 1060 2970 populi
1087 2917 1195 2969 ego
1220 2916 1344 2954 sum
1372 2900 1510 2956 dicit
1535 2899 1816 2955 dominus.

1028 3026 1306 3074 ΟΗΑΤΙΟ,

585 3131 628 3157 Ἰ
653 3125 958 3177 ONCEDE
1046 3125 1505 3191 QUAESUMUS
1605 3126 1832 3178 OMNI-

702 3214 985 3264 POTENS
1088 3214 1283 3264 DEUS
1312 3221 1327 3263 Ζ
1435 3214 1537 3265 UT
1641 3215 1831 3266 IEIU-

529 3300 832 3351 NIORUM
886 3287 1078 3350 nobis
1129 3297 1362 3351 sancta
1413 3286 1686 3352 deuotio
1718 3339 1732 3352 .
1763 3298 1832 3353 et

530 3373 1058 3457 purificationem
1096 3374 1344 3438 tribuat
1387 3384 1454 3438 et
1499 3376 1829 3440 maiestati

528 3470 682 3525 tuae
715 3483 834 3524 nos
868 3461 1134 3526 reddat⁸
1163 3470 1473 3545 acceptos
1505 3512 1517 3525 .
1551 3483 1685 3544 per.

1007 3606 1330 3651 seonfissA.

534 3691 733 3817 Fac
789 3710 911 3752 nos
964 3709 1369 3772 quaesumus
1419 3688 1691 3751 domine
1744 3688 1830 3752 ad

699 3786 931 3839 sancta
1042 3776 1358 3858 mysteria
1471 3774 1835 3857 purificatis

530 3863 865 3926 mentibus
905 3862 1220 3926 accedere
1252 3912 1264 3924 .
1299 3872 1372 3926 ut
1413 3862 1534 3926 tibi
1572 3883 1837 3947 semper

527 3958 915 4032 competens
967 3948 1345 4013 deferamus
1389 3949 1785 4032 obsequium
1818 4002 1831 4015 .

528 4057 659 4119 per.

875 4145 1469 4192 POSTGOMMUNJO.

522 4232 612 4361 S
631 4229 994 4293 aeramenti
1026 4229 1121 4293 tui
1152 4229 1424 4292 domine
1456 4231 1837 4295 ueneranda

674 4317 1017 4399 perceptio
1057 4327 1126 4380 et
1169 4317 1454 4398 mystico
1476 4337 1612 4379 nos
1646 4337 1835 4380 mun-

528 4402 643 4467 det
717 4403 952 4467 effectu
987 4455 999 4466 .
1034 4415 1099 4468 et
1171 4402 1520 4486 perpelltua
1589 4405 1836 4468 uirtute

527 4490 845 4555 defendat
875 4541 887 4553 .
921 4511 1053 4573 per.

1063 4616 1084 4671 ΙΙ
1110 4610 1195 4660 sol.
1225 4613 1302 4660 28.

1833 844 1848 857 .
1894 807 2233 858 TERTIAM
2281 809 2940 874 QUADRAGEfflhfflE.
3156 817 3240 881 29

2263 1006 2478 1054 SUPER
2535 1007 2884 1054 pot-'ULLJQL

1922 1077 2373 1207 Subiectum
2445 1085 2566 1149 tibi
2644 1085 2964 1169 populum
3036 1105 3236 1169 quae-

2078 1191 2308 1235 sumus
2348 1172 2620 1236 domine
2664 1173 3052 1257 propitiatio
3092 1193 3236 1233 cae-

1932 1257 2118 1322 lestis
2192 1258 2555 1342 amplificet
2587 1309 2601 1323 .
2633 1273 2700 1325 et
2772 1261 2904 1321 tuis
2976 1281 3240 1341 semper

1933 1343 2134 1409 saciat
2165 1348 2411 1410 seruire
2444 1347 2780 1411 mandatis
2812 1397 2824 1409 .
2860 1369 2988 1429 per.

2351 1553 2812 1661 penuriis.

2175 1704 2232 1761 Ᾰ.
2325 1711 2440 1764 Fac
2479 1727 2700 1764 mecum
2740 1713 2984 1765 domine*

2435 1820 2708 1866 ORA†1[“,·2

2017 1918 2287 1969 EIUNIA
2385 1918 2680 1969 NOSTRA
2780 1921 3244 1981 QUAESUMUS

2061 2005 2364 2055 DOMINE
2484 2005 2627 2055 BEN
2637 2008 2708 2054 Isi·
2720 2005 2820 2053 Nn
2944 2009 3032 2057 Fit
3048 2009 3084 2057 U
3096 2009 3244 2057 ORE

1934 2093 2371 2162 PROSEquere
2403 2127 2418 2142 .
2451 2088 2524 2143 ut
2564 2079 2736 2142 sicut
2779 2081 2864 2141 ab
2908 2081 3244 2141 alimentis

1933 2166 1997 2229 in
2053 2187 2331 2249 corpore
2362 2216 2375 2229 .
2412 2168 2505 2229 ita
2558 2188 2598 2230 a
2652 2169 2828 2229 uitiis
2876 2169 3244 2229 ieiunemus

1934 2255 1998 2317 in
2035 2263 2296 2317 mente:
2344 2274 2474 2337 per.

2416 2399 2720 2445 seonessa

1943 2494 2066 2618 Ιί
2082 2489 2302 2570 espice
2383 2489 2656 2552 domine
2744 2489 3068 2573 prnpitius
3152 2493 3236 2553 ad

2127 2595 2403 2639 munera
2440 2596 2611 2658 quae
2648 2597 2984 2641 sacramus
3017 2629 3028 2641 .
3068 2589 3140 2641 ut
3172 2589 3236 2641 et

1933 2661 2054 2726 tibi
2100 2671 2292 2744 grata
2345 2663 2481 2725 sint
2511 2711 2524 2725 .
2558 2671 2625 2726 et
2680 2665 2872 2725 nobis
2924 2665 3240 2729 salutaria

1933 2769 2199 2833 semper
2228 2750 2526 2813 existant
2558 2798 2571 2815 .
2603 2770 2735 2832 per.

2285 2897 2680 2944 POSTCOMm
2700 2897 2732 2941 n
2748 2897 2780 2937 ω
2800 2897 2876 2941 ιῡ.

1943 2982 2074 3106 H
2100 2977 2245 3040 uius
2331 2998 2454 3040 nos
2537 2978 2808 3041 domine
2900 2981 3240 3061 perceptio

2141 3065 2539 3128 sacramenti
2566 3065 2844 3130 mundet
2868 3089 2908 3126 a
2932 3069 3204 3130 erimine
3228 3117 3240 3130 ψ

1932 3163 1998 3217 et
2072 3153 2157 3216 ad
2230 3151 2546 3217 caelestia
2608 3174 2811 3234 regna
2876 3154 3196 3234 perducat
3228 3206 3240 3218 .

1931 3261 2063 3323 per.

2272 3353 2487 3400 SUPER
2546 3353 2892 3399 Povutumm

1944 3448 2274 3574 Praesta
2341 3463 2744 3526 quaesumus
2812 3446 3240 3526 omnipotens

2099 3529 2298 3593 deus:
2343 3539 2416 3593 ut
2447 3531 2558 3613 qui
2593 3529 2656 3592 in
2684 3542 2800 3594 tua
2828 3534 3240 3614 protectione

1933 3617 2334 3680 confidimus
2365 3625 2648 3681 ‚cuncta
2740 3621 2932 3682 nohis
3008 3618 3240 3682 aduen-

1933 3706 2152 3769 santia
2183 3714 2250 3768 te
2282 3704 2644 3769 adiuuante
2680 3706 3024 3770 uincamus
3064 3730 3076 3770 z
3108 3726 3236 3786 per.

2349 3902 2820 3962 ΞΑΒΒΑΤΕῚ.

2195 4012 2253 4070 Ᾰ-
2336 4022 2526 4077 Verba
2564 4038 2688 4074 mea
2728 4022 2968 4074 auribus.

2446 4145 2700 4190 ΟΗΑΤΉῙ]

1948 4255 2345 4381 PRAESTA
2448 4255 2904 4319 QUAEsuMus
3012 4258 3240 4306 nmm-

2104 4341 2385 4394 POTENS
2428 4342 2656 4393 DEUS:
2704 4342 2776 4390 ut
2816 4330 2928 4410 qui
2972 4350 3044 4390 st:
3080 4330 3240 4390 affli-

1938 4417 2165 4498 gendo
2223 4435 2492 4479 carnem
2553 4415 2639 4478 ab
2696 4418 3028 4478 aiimentis
3088 4418 3236 4478 abs-

1937 4506 2199 4568 tinent.
2232 4501 2551 4567 sectando
2599 4502 2916 4566 iustitiam
2960 4526 3000 4566 a
3044 4502 3240 4586 eulpa

1939 4592 2234 4655 ieiunent
2264 4639 2277 4653 .
2310 4610 2443 4671 per.

624 4760 645 4794 ¹
679 4763 754 4812 As
777 4770 826 4811 at
852 4762 955 4812 first
978 4763 1174 4812 written
1197 4763 1282 4812 the
1305 4779 1483 4827 prayer
1504 4763 1669 4812 ended
1700 4767 1713 4790 ⁸
1727 4764 1795 4813 ab
1816 4763 2049 4813 omnibus
2073 4778 2165 4811 nos
2186 4761 2398 4811 defende
2420 4761 2648 4826 periculis.
2664 4762 2696 4818 Ἥ
2732 4766 2812 4810 hut
2844 4770 2944 4810 [we-r
2964 4762 3244 4826 mariceiling

527 4829 722 4878 strokes
761 4828 888 4876 have
923 4828 991 4892 by
1021 4828 1107 4878 the
1137 4827 1295 4892 princi

1365 4827 1380 4876 l
1409 4829 1713 4878 reviser—as
1749 4829 1787 4879 it
1821 4829 1985 4878 would
2021 4829 2351 4877 seem—been
2384 4828 2556 4876 drawn
2588 4843 2752 4876 across
2788 4830 2868 4878 [he
2912 4830 3060 4874 ‘unffi'
3132 4830 3240 4878 The

529 4894 741 4943 smenoes
762 4893 820 4942 of
837 4893 923 4942 the
945 4893 1140 4942 strokes
1161 4893 1260 4942 and
1283 4902 1303 4943 t
1339 4911 1368 4943 e
1390 4894 1564 4943 colour
1585 4893 1643 4943 os
1660 4894 1745 4943 the
1767 4895 1854 4943 ink
1878 4910 1963 4943 are
1985 4893 2452 4956 characteristically
2475 4892 2568 4943 his.

624 4957 646 4989 ¹
683 4958 1294 5009 ‘Sanctificet...mensae’
1320 4959 1441 5008 with
1469 4959 1556 5008 the
1586 4958 1734 5008 latter
1761 4967 1874 5023 part
1904 4959 1962 5008 of
1986 4958 2073 5008 the
2100 4959 2237 5008 word
2261 4964 2275 4985 ⁸
2296 4958 2696 5007 Postcommunit]
2716 4958 2728 4974 *
2756 4974 2948 5022 nfflnpf
2976 4974 3032 5022 η·
3060 4974 3108 5006 ts.
3132 4962 3240 5018 ἷζε-,Η

530 5025 614 5074 the
638 5023 739 5073 first
766 5033 875 5088 part
898 5023 956 5072 of
979 5028 993 5049 ⁸
1010 5024 1415 5074 postcommunio
1432 5023 1444 5047 ’
1467 5025 1620 5090 being
1639 5024 1818 5088 placed
1841 5033 1892 5074 at
1915 5025 2001 5074 the
2022 5024 2123 5074 end
2145 5023 2203 5073 os
2221 5036 2280 5086 27
2298 5040 2347 5073 v.
2377 5021 2465 5087 (4).

623 5088 646 5121 ⁸
679 5091 752 5153 By
776 5088 1264 5154 transposition—on
1287 5090 1371 5139 the
1393 5099 1505 5155 part
1528 5089 1588 5139 os
1602 5090 1687 5140 the
1709 5090 1867 5154 princi

1871 5090 1953 5155 pal
1977 5090 2176 5145 reviser,
2200 5105 2255 5138 as
2276 5104 2392 5152 may
2416 5090 2478 5138 be
2500 5088 2712 5138 inserted
2740 5090 2860 5138 frum
2892 5090 2972 5138 the
2996 5090 3168 5138 minut
3192 5090 3248 5138 ni

529 5156 614 5206 the
636 5155 724 5204 ink
747 5155 848 5205 and
871 5155 956 5204 the
979 5154 1192 5205 fmeness
1213 5155 1270 5204 of
1287 5155 1371 5205 the
1394 5156 1783 5206 strokes—from
1812 5158 1827 5182 ‘
1841 5156 2018 5206 reddat
2039 5152 2170 5204 noe.’
