4109 6275
474 808 517 887 98
640 815 681 866 IN
706 807 955 865 FESTIUITATE
979 803 1115 857 SANCTI
1140 798 1358 853 DEUSDEDI'I’
1381 791 1674 848 ARCHIEPISCOPI.

477 998 519 1055 ΙΝ
554 991 915 1054 resiliutiiiiei
946 985 1124 1047 ὃΑΝΟΤΙ

500 1071 1106 1219 ΟΕῌὸῠΕὓὲᾎΡΑΙΒΟΗΙΕΡΙΞ·

511 1318 515 1323 “
554 1307 624 1359 EUS
662 1306 729 1370 QUI
769 1305 840 1355 NOS
878 1300 988 1352 ΒΕΑΤῙ
1022 1297 1135 1348 DEUS·

483 1318 547 1445 Ι)
576 1377 708 1445 oanii¹
741 1421 1039 1442 .....................
1068 1370 1135 1434 sol-

480 1470 579 1533 ennia
625 1467 793 1532 celebrare
836 1462 993 1529 concedis
1024 1508 1032 1523 .
1064 1456 1135 1522 eius

480 1576 684 1639 quaesumus
695 1573 828 1636 semper
844 1551 969 1614 meritis
985 1559 1019 1612 et
1035 1547 1135 1610 inter-

481 1643 687 1708 cessionibus
710 1642 908 1705 adiuuemur
924 1662 930 1700 :
946 1655 1014 1720 per.

725 1811 888 1858 secuerit.

488 1926 553 2054 H
566 1916 671 1980 ostias
693 1914 829 1978 domine
851 1934 935 1996 quas
956 1911 989 1976 in
1010 1909 1138 1973 honore

591 2004 697 2067 sancti
714 2014 927 2067 DEUSDEDIT
940 1996 1139 2062 confessoris

484 2092 534 2155 tui
554 2101 657 2174 atque
681 2089 850 2171 pontificis
872 2088 932 2151 tibi
956 2085 1138 2150 deserimus

486 2179 650 2261 benignus
680 2177 890 2240 intende.et
919 2194 976 2237 eas
1004 2171 1063 2236 illo
1089 2172 1138 2234 in·

484 2266 677 2330 tercedente
707 2263 943 2328 benedictione
973 2259 1138 2343 spirituali

484 2352 678 2417 sanctifica.
695 2372 764 2435 per.

659 2514 955 2564 postcommunio

492 2634 515 2759 Ι
558 2629 656 2693 electi
668 2627 806 2693 domine
819 2625 1011 2689 muneribus
1021 2626 1140 2688 sacris.

581 2734 784 2800 quaesumus
831 2724 867 2777 ut
913 2713 1142 2776 intercedente

486 2805 587 2869 beato
617 2814 832 2867 DEUSDEDIT
862 2799 1052 2864 consessore
1081 2810 1141 2863 tuo

487 2902 590 2975 atque
619 2887 803 2972 pontifice.
823 2907 883 2969 per
911 2887 994 2951 haec
1023 2895 1141 2951 contra

487 2978 602 3042 omnia
617 2978 759 3041 aduersa
775 2976 964 3038 muniamur
983 2999 989 3038 :
1005 2980 1087 3058 per&

511 3212 689 3274 salicti
726 3203 1117 3267 uuanoaeoisiti

703 3288 925 3351 ΑΒΒΑΤΙΞ.

449 3426 455 3435 “
495 3439 634 3573 Deus
671 3439 738 3503 Qui
777 3439 1007 3489 noniniiunii
1047 3440 1142 3491 nisu

585 3525 885 3577 sncaiiissninii
912 3512 1027 3588 lnobis
1052 3515 1142 3579 beati

492 3612 790 3665 uunuoaaoisim
842 3601 1043 3665 contessoris
1094 3603 1143 3666 tui

490 3697 592 3770 atque
608 3686 740 3749 abbatis
756 3686 957 3751 solennitate
972 3688 1118 3753 tribuisti
1137 3713 1144 3752 ε

491 3776 609 3838 adesto
639 3773 819 3838 aecclesiae
854 3785 931 3837 tuae
968 3776 1144 3858 precibus.
1196 3798 1213 3820 r

491 3870 528 3925 ut
544 3863 637 3924 cuius
652 3861 814 3943 gloriatur
829 3863 955 3925 meritis
977 3865 1146 3929 muniatur

491 3947 656 4030 suffragiis
675 3972 682 4011 :
697 3968 765 4030 per.

751 4100 818 4161 υἱοὶ.
833 4117 888 4166 ¹03·

1428 976 1583 1024 secui-:Ta

1237 1077 1418 1146 acrificium
1433 1077 1494 1142 tibi
1510 1077 1648 1140 domine
1666 1072 1776 1137 laudis
1790 1071 1835 1135 ol·

1259 1168 1395 1232 ferimus
1425 1186 1486 1249 pro
1511 1163 1619 1228 sancti
1646 1161 1837 1226 celebritate

1187 1267 1489 1322 UUANDREfflSILi
1540 1248 1740 1314 confessoris
1791 1248 1836 1310 tui

1186 1353 1288 1427 atque
1323 1342 1457 1407 abbatis
1473 1349 1533 1425 rut
1566 1336 1836 1423 propitiationem

1186 1442 1280 1495 tuam
1310 1450 1413 1513 quam
1441 1428 1563 1490 nostris
1588 1424 1747 1508 operibus
1773 1443 1837 1486 non

1186 1538 1382 1582 meremur.
1405 1517 1451 1599 pii
1481 1512 1711 1596 suffragatoris
1740 1512 1839 1574 inter-

1186 1605 1393 1670 cessionibus
1416 1622 1635 1685 assequamur
1653 1624 1659 1662 :
1675 1620 1742 1682 per.

1399 1760 1624 1809 ΡΗΑΕΡΗΑΤΙΟ.

1258 1876 1332 1926 aaa
1365 1858 1556 1925 saranum
1577 1909 1584 1923 .
1609 1859 1655 1923 Et
1687 1858 1720 1922 in
1751 1857 1843 1921 omni

1279 1950 1354 2014 loco
1374 1970 1414 2012 ac
1437 1959 1589 2031 tempore
1608 1948 1843 2029 :omnipoten-

1188 2039 1256 2103 tiae
1274 2048 1353 2102 tuae
1374 2036 1515 2120 gloriam
1537 2033 1726 2099 celebrare.
1744 2053 1842 2117 prop

1190 2136 1240 2190 ter
1269 2125 1361 2208 quod
1391 2124 1527 2208 pietatis
1553 2122 1665 2185 officio
1691 2123 1724 2184 in
1753 2140 1843 2183 com-

1190 2213 1432 2277 memoratione
1442 2211 1531 2275 beati
1543 2220 1844 2275 uununiiuoisiii

1190 2300 1389 2365 confessoris
1404 2300 1452 2362 tui
1469 2309 1572 2381 atque
1591 2297 1724 2361 abbatis
1744 2295 1844 2359 sacri-

1190 2386 1302 2451 ficium
1341 2388 1402 2452 tibi
1441 2386 1548 2450 laudis
1585 2384 1757 2448 offerimus
1780 2433 1787 2448 .
1810 2393 1845 2447 et

1192 2473 1475 2557 magnificentiam
1509 2484 1604 2538 tuam
1636 2474 1669 2536 in
1705 2468 1845 2535 mortiti-

1191 2564 1324 2626 catione
1368 2561 1473 2645 ipsius
1516 2562 1697 2625 adoramus
1728 2610 1736 2624 .
1768 2560 1847 2642 Ipse

1192 2652 1281 2714 enim
1297 2650 1364 2714 tuis
1379 2648 1536 2713 fidelibus
1552 2649 1736 2712 inherendo
1752 2667 1846 2710 man·

1192 2739 1281 2802 datis
1297 2786 1304 2802 .
1319 2738 1367 2800 sic
1387 2737 1448 2801 tibi
1467 2746 1542 2800 toto
1562 2737 1636 2799 nisu
1659 2757 1699 2800 ac
1723 2735 1847 2799 mentis

1193 2823 1314 2889 affectu
1347 2825 1468 2888 meruit
1498 2822 1674 2887 famulari.
1692 2824 1755 2886 hoc
1788 2833 1848 2885 tua

1193 2913 1226 2975 in
1260 2910 1426 2995 lomnibus
1456 2921 1617 2994 operante
1644 2912 1848 2975 uirtutezut

1194 2999 1293 3063 nullis
1309 2999 1472 3062 illecebris
1487 2999 1635 3082 corporis
1647 3048 1653 3060 .
1667 2998 1760 3061 nulla
1772 3018 1848 3080 pro

1194 3087 1351 3150 missione
1398 3086 1705 3151 blandimentorum
1755 3084 1849 3149 salla-

1193 3176 1282 3238 cium
1298 3224 1305 3238 .
1321 3184 1381 3239 tuo
1418 3175 1543 3258 ignitus
1579 3176 1697 3258 spiritu
1737 3176 1849 3237 uince-

1194 3272 1305 3326 retur.
1323 3260 1400 3344 Quo
1431 3263 1478 3325 ita
1504 3281 1581 3325 eum
1608 3262 1699 3326 omni
1727 3279 1850 3343 genere

1195 3349 1331 3432 pietatis
1358 3350 1525 3413 imbueras
1541 3399 1548 3413 .
1564 3359 1601 3413 ut
1628 3350 1700 3432 ipse
1726 3348 1786 3412 tibi
1813 3359 1850 3411 et

1194 3457 1252 3500 ara
1268 3445 1302 3499 et
1318 3436 1517 3500 sacrificium
1533 3447 1567 3501 et
1586 3438 1741 3501 sacerdos
1760 3446 1850 3499 esset

1195 3533 1229 3587 et
1245 3524 1409 3606 templum
1430 3548 1436 3587 ε
1452 3545 1512 3607 per
1526 3525 1695 3587 christum.

1373 3688 1670 3738 postcommunio,

1266 3813 1308 3855 ua
1323 3802 1440 3857 sancta
1455 3804 1626 3858 sumentes
1646 3814 1852 3877 quaesumus

1286 3882 1423 3943 domine
1443 3882 1527 3945 deus
1546 3891 1659 3946 noster
1676 3903 1683 3945 :
1700 3893 1737 3946 ut
1760 3882 1851 3946 beati

1197 3978 1497 4032 uunuoiiuoisici
1549 3968 1748 4033 confessoris
1801 3971 1851 4034 tui

1446 4105 1508 4170 liol.
1523 4123 1568 4174 ¹03
1577 4124 1602 4158 v.

542 4334 552 4366 ¹
569 4334 642 4386 After
658 4334 708 4384 this
725 4336 802 4396 word,
821 4337 871 4385 and
888 4346 914 4385 at
931 4337 975 4386 the
990 4339 1040 4388 end
1057 4338 1086 4388 oi
1102 4355 1183 4391 rosv.
1200 4339 1246 4404 (6),
1261 4341 1331 4392 there
1348 4343 1370 4392 is
1384 4358 1400 4392 a
1416 4359 1477 4408 very
1492 4346 1572 4410 rough
1589 4361 1696 4407 erasure,
1715 4350 1852 4415 reruling,

493 4402 618 4458 however,
630 4401 674 4450 the
684 4400 771 4476 letters
782 4406 833 4450 ‘cti
840 4401 860 4462 ';
877 4403 927 4451 and
939 4418 1000 4452 over
1010 4403 1038 4460 it,
1050 4404 1076 4452 in
1087 4405 1153 4454 their
1167 4413 1234 4464 turn,
1245 4405 1336 4458 almost
1350 4409 1456 4473 entirely
1467 4410 1625 4471 obiirenred.
1639 4413 1684 4462 the
1695 4415 1786 4475 words,
1800 4416 1825 4465 iii
1837 4433 1854 4466 a

493 4482 553 4530 very
564 4466 637 4516 small
648 4475 732 4530 script,
750 4466 911 4543 ‘confessoris
922 4466 1046 4544 tuiatqire
1057 4470 1201 4535 pontificia'
1235 4473 1270 4522 At
1282 4473 1325 4523 the
1336 4474 1474 4539 beglnning
1483 4476 1512 4524 oi
1531 4491 1573 4528 roa
1582 4492 1607 4525 v.
1620 4476 1657 4540 (7)
1671 4480 1682 4528 l
1695 4488 1762 4530 trace
1772 4482 1854 4532 under

494 4549 527 4582 an
538 4548 636 4582 erasure
649 4531 783 4608 ‘praesulis
794 4531 848 4582 tui)
880 4533 936 4582 The
949 4537 1001 4610 hist
1012 4535 1082 4584 word
1094 4535 1124 4584 oi
1131 4536 1174 4586 the
1185 4552 1274 4602 prayer
1284 4539 1306 4587 is
1316 4542 1474 4604 represented
1486 4542 1519 4605 by
1531 4555 1546 4590 a
1557 4542 1650 4608 capital
1663 4545 1697 4601 D,
1709 4548 1811 4612 merely.

543 4599 554 4627 ¹
570 4597 627 4674 sibe
641 4597 793 4673 concluding
806 4598 890 4647 words
904 4598 933 4648 oi
947 4599 996 4648 this
1013 4600 1089 4661 Mais,
1103 4616 1146 4651 aie
1160 4602 1186 4651 in
1202 4602 1245 4652 the
1260 4611 1332 4653 outer
1347 4604 1443 4669 margin
1458 4607 1606 4658 confronted
1622 4608 1657 4672 by
1667 4609 1710 4660 tbe
1723 4610 1854 4679 following

495 4671 554 4712 note
571 4677 597 4712 in
614 4670 666 4712 two
682 4663 753 4711 lines.
788 4663 812 4712 lt
829 4678 888 4724 was,
906 4664 919 4713 1
937 4664 1019 4722 think,
1033 4665 1132 4716 written
1149 4667 1239 4731 hythe
1271 4668 1377 4734 rincipril
1393 4671 1484 4720 reviset
1493 4673 1587 4723 :-¹De
1602 4682 1689 4724 sancta
1703 4689 1850 4743 margareta.

496 4727 605 4793 Require
616 4728 642 4778 iii
653 4728 769 4841 principo
779 4728 838 4790 [sic]
848 4728 905 4779 libri
921 4729 994 4780 liuius
1009 4739 1066 4808 post
1079 4731 1177 4798 aliquas
1191 4735 1335 4784 orationes)
1366 4736 1484 4786 Another
1496 4737 1640 4789 hand-the
1651 4740 1728 4802 hand,
1744 4744 1756 4793 I
1769 4745 1850 4806 think,

496 4793 577 4843 which
596 4794 623 4842 in
643 4801 652 4842 t

670 4809 685 4843 e
703 4793 800 4858 margin
817 4793 847 4842 oi
862 4798 934 4857 850„
952 4797 1053 4861 writing
1071 4812 1104 4845 on
1122 4813 1155 4847 an
1174 4813 1282 4857 erasure,
1297 4800 1409 4851 directed
1425 4801 1469 4851 the
1483 4802 1611 4854 celebrant
1629 4813 1655 4854 to
1674 4807 1718 4857 the
1738 4809 1808 4860 Mass
1827 4810 1856 4860 oi

495 4859 524 4909 St
538 4857 626 4923 Ellege
636 4874 669 4907 on
681 4857 725 4909 sol.
742 4874 784 4922 ¹⁷¹
795 4859 901 4909 v.-has
911 4861 1004 4918 added,
1016 4861 1042 4910 in
1057 4862 1127 4948 three
1140 4862 1210 4913 short
1223 4864 1295 4921 lines,
1308 4867 1371 4930 ‘que
1381 4874 1438 4915 sunt
1449 4875 1508 4917 ante
1523 4867 1668 4920 Kalendare
1679 4906 1686 4920 .
1698 4883 1757 4938 post
1769 4876 1853 4926 Credo

496 4924 522 4973 in
534 4921 630 4973 unum!
663 4924 712 4974 See
723 4924 811 4980 above,
823 4924 866 4975 iol.
881 4924 926 4975 ov.

670 4996 695 5038 te
710 4988 759 5039 this
775 4989 876 5039 Presace
890 4991 961 5040 iliere
974 5006 1017 5041 are
1030 5001 1081 5041 two
1095 4993 1221 5070 pencilled
1234 4996 1405 5053 memoranda,
1416 5012 1466 5047 one
1476 5012 1510 5047 on
1521 4998 1564 5049 the
1575 4999 1654 5062 other,
1669 5001 1714 5052 ria
1726 5019 1743 5053 a
1754 5008 1854 5057 manual

496 4988 615 5103 mhi)
638 5053 680 5128 ilie
690 5062 758 5114 note,
774 5055 862 5104 ‘nichil
874 5056 921 5105 nisi
933 5056 964 5106 de
975 5055 1122 5107 commum!
1154 5059 1218 5108 This
1228 5059 1257 5119 is,
1273 5061 1285 5109 l
1298 5060 1378 5120 think,
1393 5062 1426 5126 by
1438 5062 1481 5112 ibe
1493 5064 1575 5114 writer
1587 5067 1618 5114 ol
1628 5065 1671 5116 the
1682 5078 1755 5119 notes
1765 5088 1799 5121 on
1811 5073 1854 5123 ibe

498 5134 577 5183 upper
587 5133 696 5181 margins
706 5118 736 5167 ol
745 5132 774 5181 γι
784 5136 808 5168 v.
820 5120 871 5169 and
882 5122 945 5187 89v.
957 5121 1008 5171 and
1019 5121 1062 5172 the
1073 5133 1146 5174 outer
1155 5124 1265 5190 margins
1276 5125 1306 5174 ol
1314 5128 1386 5189 78v,
1400 5126 1440 5189 86,
1454 5128 1486 5194 ⁸9
1494 5145 1530 5189 ea,
1543 5145 1607 5195 pov.
1619 5133 1670 5181 and
1682 5148 1723 5199 95.
