4109 6275
463 772 523 834 128

672 961 894 1010 ΡΒΑΕΡΗΑΤΙΟ.

527 1089 600 1138 aaa
625 1087 802 1139 aursana
817 1123 825 1138 .
842 1072 887 1137 Et
913 1082 947 1137 te
974 1071 1111 1136 laudare

548 1162 732 1227 mirabilem
778 1163 879 1226 deum
925 1161 958 1223 in
1003 1158 1112 1223 beatis

457 1251 620 1333 apostolis
649 1251 715 1314 tuis
741 1271 748 1313 :
772 1250 805 1312 in
836 1249 957 1332 quibus
986 1245 1111 1330 glorifi—

457 1347 551 1401 catus
589 1359 625 1402 es
660 1338 907 1423 uehementer.
930 1356 990 1418 per
1026 1354 1111 1417 quos

458 1426 620 1507 unigeniti
650 1426 699 1489 tui
726 1445 857 1488 sacrum
882 1420 1016 1506 corpus¹
1044 1419 1111 1485 col·

457 1511 531 1595 ligis
548 1522 605 1577 :et
630 1514 663 1575 in
687 1513 807 1595 quibus
830 1509 1010 1575 aecclesiae
1033 1519 1111 1573 tuae

382 1628 384 1633 ’
456 1599 712 1663 fundamentum
769 1598 980 1663 constituis.
1011 1596 1112 1660 Vnde

456 1688 626 1770 poscimus
659 1687 871 1751 clementiam
904 1695 996 1749 tuam
1032 1684 1111 1767 piis·

457 1776 541 1838 sime
570 1775 785 1858 omnipotens
815 1773 898 1836 deus
919 1781 981 1836 :ut
1011 1772 1110 1835 inter·

456 1862 606 1926 cessione
622 1863 710 1926 beati
726 1875 771 1926 .N.
788 1860 932 1944 apostoli
953 1860 1001 1922 tui
1017 1858 1111 1922 cuius

456 1950 620 2033 passionis
636 1950 842 2033 triumphum
861 1946 1044 2011 solenniter
1058 1967 1110 2010 ce·

457 2037 624 2102 lebramus
639 2061 646 2101 :
659 2057 846 2100 mereamur
860 2056 880 2099 a
896 2044 1109 2119 peccatorum

457 2135 645 2189 nostrorum
680 2125 823 2188 nexibus
853 2122 968 2187 solui.
992 2132 1025 2185 et
1055 2141 1110 2184 ae·

456 2221 571 2276 ternae
593 2213 682 2276 uitae
703 2210 853 2275 felicitati
876 2210 969 2274 reddi
985 2259 992 2272 .
1008 2218 1110 2291 atque

456 2310 646 2363 sanctorum
665 2309 799 2363 tuorum
815 2298 966 2362 caetibus
984 2316 1110 2360 connu-

457 2387 575 2451 merari
592 2410 599 2450 :
615 2408 675 2470 per
689 2385 873 2451 christum¹.

631 2542 927 2592 POSTOOMMUNlO.

460 2647 623 2776 Uotiua
640 2652 776 2715 domine
797 2651 830 2714 in
851 2649 941 2715 beati
964 2649 1109 2733 apostoli

557 2739 606 2802 tui
645 2752 691 2803 .N.
730 2738 876 2821 gloriosa
916 2736 1110 2802 celebritate

456 2827 545 2889 dona
575 2827 783 2909 percepimus
806 2876 814 2891 .
836 2845 1039 2908 quaesumus
1072 2833 1109 2888 ut

455 2913 526 2976 eius
556 2913 709 2996 precibus
738 2924 772 2977 et
802 2913 986 2996 praesentis
1013 2911 1109 2975 nobis

457 3001 547 3064 uitae
573 3000 776 3083 praesidium
793 3050 800 3064 .
815 3010 850 3063 et
874 3009 1030 3063 aeternae
1052 2999 1108 3063 tri·

458 3089 541 3152 buas
564 3087 704 3153 conferri
729 3088 891 3153 laetitiam
909 3110 915 3151 :
932 3109 997 3171 per.

455 3315 498 3372 ΙΝ
533 3314 706 3373 uarat!
741 3313 888 3374 UNlUS
919 3313 1105 3372 ΜΑΒΤΥ-

478 3395 552 3455 RlS
582 3395 747 3464 ardue
781 3393 1077 3455 pontificia.

452 3524 480 3580 Ᾰ
524 3537 692 3591 Sacerdotes
710 3536 755 3592 dei
775 3534 934 3590 benedicite
952 3534 1107 3589 dominum.

460 3663 544 3795 llD
561 3668 646 3728 aus⁸
660 3676 728 3740 Qu1
752 3675 824 3726 uos
844 3674 981 3727 annua
998 3676 1107 3726 suan

577 3763 622 3815 n.
640 3762 829 3813 nantinus
844 3749 892 3813 tui
908 3760 1010 3833 atque
1025 3770 1108 3834 pon·

455 3837 553 3902 tificis
569 3838 769 3901 solennitate
785 3836 946 3901 letificas.
962 3838 1108 3901 concede

455 3927 618 4009 propitius
643 3945 651 3989 :
674 3934 711 3989 ut
734 3926 828 3989 cuius
851 3923 1007 3989 natalicia
1030 3924 1108 3989 coli·

455 4033 529 4077 mus
545 4064 552 4077 .
567 4015 611 4077 de
640 4012 789 4076 eiusdem
821 4012 923 4076 etiam
951 4013 1107 4095 protecti-

454 4121 518 4164 one
533 4101 757 4183 gaudeamus:
768 4119 827 4182 per
841 4099 1015 4163 dominum
1033 4120 1109 4163 nos-

454 4198 550 4252 trum.

711 4311 721 4365 ΙΙ
733 4305 777 4356 sol
794 4321 848 4368 140.

662 784 702 834 IN
728 783 870 833 NATALl
895 781 1014 834 UNlUS
1039 777 1228 830 MARTYRIS
1251 774 1379 838 ATQUE
1403 772 1623 824 PONTIFICIS.

1407 959 1571 1007 secuerit.

1166 1046 1240 1172 M
1250 1062 1352 1144 unera
1366 1041 1428 1106 tibi
1444 1040 1580 1141 domine
1595 1040 1706 1103 dicata
1721 1058 1820 1102 sanc-

1275 1129 1366 1194 tifica
1382 1180 1389 1193 .
1405 1139 1439 1193 et
1462 1128 1688 1192 intercedente
1715 1126 1819 1190 beato

1163 1232 1210 1283 .N.
1239 1228 1385 1302 martyre
1414 1226 1474 1281 tuo
1503 1226 1605 1298 atque
1634 1213 1819 1296 pontifice.

1162 1328 1222 1390 per
1241 1307 1375 1370 eadem⁴
1396 1324 1456 1368 nos
1478 1304 1629 1386 placatus
1654 1302 1818 1365 intende:

1162 1415 1228 1479 per.

1337 1506 1635 1555 ΡοετοοΜΜυΝιο.

1166 1594 1294 1719 Haec
1307 1607 1369 1651 nos
1381 1585 1573 1650 communio
1585 1584 1723 1647 domine
1738 1604 1818 1666 pur-

1266 1684 1323 1758 get
1339 1696 1360 1738 a
1375 1674 1512 1738 crimine
1523 1721 1531 1736 .
1543 1682 1578 1736 et
1589 1671 1818 1735 intercedente

1162 1763 1263 1828 beato
1281 1776 1326 1827 .N.
1346 1771 1493 1843 martyre
1513 1769 1573 1824 tuo
1587 1768 1689 1841 atque
1705 1761 1818 1842 ponti·

1162 1850 1254 1916 lice.
1279 1849 1431 1914 caelestis
1456 1848 1593 1912 remedii
1619 1846 1719 1909 iaciat
1743 1867 1819 1908 esse

1161 1948 1354 2003 consortes.
1371 1957 1438 2020 per.

1249 2096 1442 2191 oa'uno
1477 2128 1725 2190 naariae.

1229 2248 1259 2309 a.
1294 2253 1440 2309 Letabitur
1459 2253 1549 2307 iustus
1567 2251 1596 2305 in
1615 2251 1739 2305 domino.

1414 2364 1555 2414 ΟΗΑΤΙΟ.

1223 2462 1366 2513 nassau
1395 2458 1625 2526 Quaesumus
1651 2456 1817 2509 onnuo-

1244 2549 1340 2600 raus
1369 2548 1467 2600 naus
1492 2558 1499 2597 :
1522 2547 1574 2598 υτ
1604 2546 1671 2610 QU1
1702 2544 1816 2596 noan

1160 2638 1207 2690 n.
1226 2624 1381 2706 martyris
1400 2622 1449 2686 tui
1472 2621 1628 2685 natalicia
1650 2621 1816 2684 colimus.

1162 2713 1397 2777 intercessione
1426 2709 1497 2774 eius
1528 2711 1561 2772 in
1588 2708 1637 2772 tui
1668 2707 1816 2771 nominis

1160 2819 1274 2863 amore
1290 2799 1484 2862 roboremur
1503 2821 1509 2860 :
1525 2817 1584 2879 per
1599 2795 1782 2858 dominum.

1404 2938 1567 2989 sacam.

1164 3025 1400 3153 Muneribus
1446 3027 1567 3090 nostris
1611 3043 1815 3108 quaesumus

1269 3117 1406 3181 domine
1436 3115 1655 3199 precibusque
1680 3132 1815 3195 suscep·

1160 3207 1224 3270 tis.
1241 3216 1275 3270 et
1290 3204 1489 3268 caelestibus
1504 3222 1565 3266 nos
1582 3201 1708 3265 munda
1724 3220 1814 3282 mys-

1161 3294 1251 3376 teriis
1266 3343 1273 3357 .
1290 3303 1324 3356 et
1350 3290 1585 3355 intercessione
1611 3289 1702 3354 beati
1727 3308 1814 3352 mar-

1161 3382 1244 3463 tyris
1259 3380 1308 3443 tui
1324 3392 1368 3444 .N.
1385 3378 1567 3444 clementer
1581 3377 1706 3441 exaudi
1722 3400 1730 3439 ε
1745 3397 1814 3459 per.

1162 3556 1332 3692 1Vsna⁶
1343 3551 1593 3617 auronum
1603 3553 1635 3615 in
1646 3551 1813 3635 praesenti

1266 3641 1447 3705 festiuitate
1464 3640 1572 3704 sancti
1592 3640 1747 3722 martyris
1762 3638 1813 3703 tui

1160 3743 1206 3795 .N.
1236 3729 1297 3792 tibi
1327 3726 1521 3793 confitendo
1552 3726 1660 3790 laudis
1686 3727 1813 3791 hostias

1160 3816 1332 3880 immolare
1342 3839 1350 3879 z
1360 3826 1520 3898 tuamque
1531 3815 1730 3878 immensam
1743 3816 1814 3898 pie-

1160 3915 1265 3969 tatem
1289 3903 1466 3987 implorare
1482 3925 1489 3965 :
1505 3913 1543 3966 ut
1568 3903 1655 3966 sicut
1681 3901 1727 3965 illi
1754 3903 1813 3966 de-

1160 3993 1238 4057 disti
1268 3990 1421 4055 caelestis
1451 3989 1599 4074 palmam
1627 3990 1811 4073 triumphi.

1159 4080 1206 4144 sic
1224 4099 1266 4143 eo
1283 4076 1488 4160 suffragante
1508 4077 1605 4142 nobis
1624 4077 1812 4142 emundati·

1159 4187 1241 4231 ones
1263 4186 1302 4230 ac
1324 4167 1457 4230 ueniam
1476 4166 1641 4229 concedas
1659 4165 1812 4247 peccati.

1406 4291 1466 4366 llol.
1484 4319 1561 4366 14oa.

502 4491 512 4525 ¹
528 4491 591 4542 This
607 4491 686 4549 word,
703 4491 738 4555 by
755 4489 797 4541 the
813 4506 882 4541 same
899 4490 966 4540 hand
983 4506 1011 4540 as
1026 4491 1071 4542 the
1086 4499 1195 4553 context,
1213 4492 1235 4542 is
1251 4492 1277 4542 in
1294 4492 1337 4543 the
1353 4499 1424 4543 outer
1440 4492 1546 4559 margin,
1557 4493 1608 4543 aud
1624 4493 1771 4559 contiguous
1786 4502 1812 4545 to

456 4558 527 4609 ‘coll'
548 4558 553 4570 '
580 4557 587 4579 '

501 4621 513 4654 ¹
553 4624 612 4673 here
624 4622 644 4672 is
655 4637 670 4671 a
681 4621 802 4686 marginal
814 4638 881 4672 cross
892 4622 1008 4688 opposite
1019 4623 1062 4672 the
1074 4622 1184 4688 opening
1194 4623 1224 4672 ol
1236 4623 1278 4673 the
1294 4623 1402 4686 Preface,
1415 4623 1464 4674 and
1481 4600 1545 4674 irum
1557 4624 1576 4675 it
1587 4641 1602 4675 a
1612 4625 1663 4674 line
1674 4624 1812 4704 dupingjo

453 4706 496 4757 the
515 4706 562 4756 last
581 4705 632 4754 line
651 4703 681 4754 ol
699 4703 742 4780 tbe
761 4705 921 4755 constituent.
956 4705 1035 4763 Here,
1053 4704 1102 4754 and
1120 4704 1171 4754 still
1193 4703 1219 4754 in
1242 4705 1284 4755 the
1306 4715 1377 4756 outer
1398 4706 1503 4772 margin,
1523 4707 1544 4757 is
1566 4709 1609 4758 the
1627 4716 1687 4758 note
1707 4712 1751 4759 ‘cc
1768 4708 1812 4774 pi’

454 4770 759 4847 (communis-praelatio),
779 4770 829 4819 and
846 4770 925 4820 under
941 4769 969 4828 it,
986 4771 1011 4819 iu
1030 4777 1081 4820 two
1097 4769 1168 4827 lines,
1187 4771 1254 4834 ‘Qui
1270 4772 1401 4821 ecclesiam
1418 4779 1486 4822 tuam
1504 4781 1583 4823 totum
1603 4773 1700 4823 scribe-¹
1734 4774 1813 4824 Close

452 4864 479 4904 to
490 4853 534 4904 the
545 4857 588 4903 ‘c’c
600 4852 627 4918 pl
637 4853 643 4875 ’
659 4853 680 4901 is
695 4869 710 4902 a
725 4851 798 4901 small
809 4851 910 4902 manual
920 4868 989 4903 eross
999 4853 1090 4903 almost
1102 4854 1220 4918 covering
1231 4855 1274 4904 the
1288 4853 1347 4905 ‘ffi’
1380 4855 1436 4904 The
1448 4855 1548 4920 writing
1557 4856 1579 4905 is
1590 4856 1643 4906 that
1655 4872 1773 4907 common
1785 4865 1812 4906 to

453 4928 524 4968 notes
535 4934 568 4969 ou
582 4920 655 4982 78v.,
667 4921 741 4984 8912„
756 4917 806 4965 and
821 4934 866 4980 154
874 4934 898 4966 v.
933 4919 990 4978 See,
1003 4918 1041 4968 ior
1054 4920 1164 4976 Prelace.
1179 4933 1223 4983 137
1232 4936 1258 4969 v.

501 4983 512 5016 ⁸
528 4985 553 5032 A
563 4983 636 5032 small
648 4982 749 5032 manual
760 4998 827 5032 eroes
838 4983 860 5032 is
870 4983 994 5047 pencilled
1007 4985 1033 5032 in
1045 4985 1088 5034 the
1099 4984 1214 5034 ad'aoeut
1225 4986 1331 5049 margin.

501 5048 512 5079 ⁴
528 5049 584 5097 The
597 5047 653 5097 MS.
666 5055 824 5097 accentuates
835 5048 878 5098 the
891 5047 942 5098 first
955 5049 1028 5099 letter
1039 5050 1083 5098 oi‘

1140 5051 1198 5099 em!

501 5113 512 5144 ⁵
529 5113 669 5178 Carelessly
679 5120 716 5162 set
728 5113 828 5161 manual
839 5129 907 5163 cross
919 5115 943 5163 in
956 5123 1027 5164 outer
1038 5114 1143 5180 margin.
