4109 6275
449 763 493 842 46
842 779 956 830 ruma
979 780 1134 845 Quanta
1158 781 1247 834 eosr
1272 782 1423 835 exscux.

694 968 856 1018 secam.

450 1071 615 1203 Suscipe
645 1074 783 1138 domine
813 1072 960 1137 fidelium
992 1095 1107 1157 preces

522 1179 598 1224 cum
632 1161 861 1225 oblationibus
896 1161 1105 1227 hostiarum.

450 1256 486 1309 ut
502 1267 561 1328 per
576 1247 660 1311 haec
676 1250 752 1331 piae
767 1250 959 1312 deuotionis
974 1248 1105 1313 officia.

448 1335 491 1398 ad
514 1336 693 1398 caelestem
714 1337 856 1419 gloriam
878 1347 1106 1402 transeamus:

450 1441 516 1504 per.

626 1562 924 1613 postcommunio

449 1667 642 1802 Concede
664 1686 867 1749 quaesumus
891 1668 1106 1751 omnipotens

534 1753 635 1817 deus:
669 1763 706 1817 ut
737 1755 903 1836 paschalis
933 1759 1105 1839 perceptio

448 1842 649 1905 sacramenti
676 1892 683 1905 .
713 1843 873 1905 continua
910 1844 942 1906 in
982 1846 1105 1908 nostris

449 1928 618 1991 mentibus
634 1939 841 2011 perseueret:
863 1950 931 2013 per.

648 2159 901 2222 ΡΕΗΙΑΛΙΙΙ.

607 2296 636 2356 a.
677 2300 779 2355 Venite
791 2300 942 2390 benedicti.

704 2433 842 2486 ORATlO.

523 2551 592 2603 EUS
607 2551 675 2616 QUI
692 2551 763 2603 NOS
776 2551 1102 2605 RESURRECTIONIS

543 2626 732 2690 dominicae
761 2645 873 2689 annua
899 2626 1103 2691 solennitate

447 2712 586 2776 letificas
602 2763 609 2778 .
624 2713 772 2777 concede
787 2714 965 2796 propitius:
990 2725 1026 2778 ut
1042 2737 1103 2798 per

445 2799 645 2883 temporalia
682 2798 768 2864 festa
804 2820 891 2883 quae
932 2802 1064 2885 agimus
1094 2853 1101 2867 .

446 2887 618 2970 peruenire
645 2887 688 2951 ad
715 2888 839 2970 gaudia
866 2897 1003 2953 aeterna
1033 2910 1101 2955 me·

446 2994 596 3039 reamur:
619 2995 679 3059 per
694 2976 849 3039 eundem.

687 3159 851 3209 SEGRETA.

497 3262 641 3329 acrificia
696 3264 833 3328 domine
886 3263 1101 3346 paschalibus

518 3352 650 3434 gaudiis
679 3351 823 3434 lgaudiis
853 3351 1100 3417 immolamus.

444 3437 566 3521 quibus
608 3439 769 3503 aecclesia
804 3448 864 3503 tua
905 3440 1101 3504 mirabiliter

444 3526 593 3608 pascitur
607 3536 641 3590 et
657 3527 820 3592 nutritur:
843 3546 910 3610 per.

629 3711 928 3764 ΡΟΒΤΟΟΜΜΗΝΙΟ.

446 3815 532 3951 Ab
547 3815 638 3877 omni
661 3834 722 3878 nos
740 3835 944 3896 quaesumus
962 3815 1099 3881 domiue

534 3910 702 3966 uetustate
711 3904 1098 3985 purgatos.sacrameuti

443 3990 491 4053 tui
507 3989 699 4053 ueneranda
714 3990 885 4074 perceptio
900 4040 907 4055 .
924 3991 956 4054 in
974 4010 1098 4055 nouam

442 4075 620 4141 transierat
630 4085 830 4141 creaturam:
843 4098 902 4161 per
913 4078 1098 4143 dominum.

665 4356 685 4414 F
694 4358 716 4416 Ε
727 4358 750 4417 Β
760 4359 767 4418 l
776 4360 802 4418 Α
816 4405 823 4419 .
836 4293 876 4419 lla.

482 4476 513 4535 Ᾰ.
553 4474 708 4531 Uictricem
720 4492 838 4530 manum
849 4485 930 4531 tuam
941 4476 1059 4532 domine

670 4546 865 4602 laudaueruut.

518 4675 587 4726 EUS
608 4674 676 4739 QUI
700 4674 981 4726 DIUERSITATEM
1004 4675 1097 4726 GEN-

537 4761 634 4813 τΙυΜ
653 4762 693 4812 ΙΝ
716 4751 953 4814 confessione
971 4748 1020 4814 tui
1037 4769 1097 4813 no·

441 4837 541 4901 minis
556 4836 726 4900 adunasti:
750 4836 794 4899 da
811 4846 848 4901 ut
863 4836 987 4900 renatis
1004 4834 1097 4900 fonte

440 4922 656 5006 baptismatis
671 4942 739 4987 una
753 4924 798 4987 sit
814 4922 897 4988 fides
910 4925 1074 4989 mentium
1088 4974 1095 4987 .

440 5021 475 5075 et
489 5010 598 5093 pietas
613 5011 803 5074 actionum:
825 5031 892 5093 per.

699 5148 703 5205 l
716 5144 758 5195 sol
771 5160 802 5208 47
813 5161 837 5194 v.

1405 976 1567 1025 secum.

1183 1051 1323 1134 *uscipc
1349 1072 1552 1135 quaesumus
1578 1052 1715 1116 domine
1742 1072 1813 1115 mu·

1232 1158 1311 1202 nera
1343 1140 1543 1222 populorum
1574 1150 1706 1203 tuorum
1738 1159 1813 1222 pro-

1158 1226 1281 1307 pitius.
1299 1236 1336 1291 ut
1362 1226 1572 1292 consessione
1595 1228 1643 1291 tui
1669 1227 1813 1291 nominis

1156 1323 1190 1377 et
1228 1313 1432 1397 baptismate
1470 1316 1621 1379 renouati
1652 1365 1659 1377 .
1690 1314 1813 1398 sempi-

1156 1411 1288 1465 ternam
1326 1400 1570 1467 beatitudinem
1604 1423 1812 1485 consequan-

1157 1498 1233 1552 tur.
1250 1509 1317 1571 per.

1334 1625 1631 1678 postcommuuto

1162 1700 1331 1836 Exaudi
1354 1700 1491 1765 domine
1517 1721 1633 1784 preces
1659 1713 1810 1767 nostras.

1250 1797 1286 1850 ut
1306 1788 1545 1871 redemptionis
1564 1800 1698 1853 nostrae
1717 1811 1811 1854 sacro

1155 1883 1272 1938 sancta
1298 1876 1520 1941 commercia.
1536 1886 1571 1940 et
1598 1879 1687 1941 uitae
1714 1878 1810 1941 nobis

1155 1959 1328 2027 conserant
1358 1964 1543 2046 praesentis
1571 1965 1736 2029 auxilium
1753 2016 1760 2029 .
1776 1975 1810 2030 et

1154 2050 1277 2132 gaudia
1296 2051 1500 2133 sempiterna
1521 2052 1719 2116 concilient:
1743 2073 1810 2135 per.

1551 2290 1588 2337 ta

1368 2354 1597 2416 fellium.

1280 2471 1309 2531 Ᾰ.
1348 2475 1451 2531 Eduxit
1470 2493 1520 2531 eos
1537 2476 1678 2532 dominus.

1227 2605 1446 2656 MNIPOTENS
1458 2605 1697 2656 SEMPITERNE
1710 2605 1807 2657 DEUS

1247 2681 1304 2763 qui
1326 2679 1482 2763 paschale
1503 2689 1749 2744 sacramentum
1773 2681 1806 2743 in

1153 2766 1458 2851 reconllciliationis
1482 2767 1649 2831 humanae
1676 2766 1808 2832 laedere

1151 2855 1322 2920 contulisti
1339 2903 1346 2919 .
1362 2856 1406 2920 da
1430 2855 1597 2919 mentibus
1621 2856 1743 2919 nostris
1770 2864 1807 2919 ut

1152 2945 1242 3025 quod
1263 2942 1469 3026 professione
1486 2943 1695 3007 celebramus
1711 2993 1718 3007 .
1733 2944 1807 3007 imi·

1151 3039 1262 3094 temur
1277 3030 1416 3095 affectu:
1439 3050 1506 3114 per.

1396 3184 1559 3236 secuerit.

1158 3259 1337 3392 Hostias
1355 3279 1557 3343 quaesumus
1578 3259 1715 3324 domine
1736 3260 1807 3342 pla-

1256 3356 1350 3411 catus
1380 3367 1541 3411 assume.
1565 3367 1648 3430 quas
1677 3357 1713 3412 et
1746 3366 1807 3431 pro

1151 3443 1342 3498 renatorum
1373 3435 1568 3517 expiatione
1594 3435 1722 3518 peccati
1748 3436 1807 3499 de·

1151 3520 1286 3585 serimus
1302 3573 1309 3587 .
1325 3531 1360 3587 et
1382 3543 1443 3607 pro
1465 3521 1706 3587 acceleratione
1731 3542 1806 3587 cae·

1150 3608 1242 3673 lestis
1258 3608 1396 3674 auxilii:
1419 3630 1486 3694 per.

1328 3759 1626 3814 POSTCOMMUNlO.

1224 3839 1334 3920 espice
1400 3859 1603 3921 quaesumus
1668 3840 1805 3903 domine

1250 3925 1412 4009 populum
1457 3936 1574 3991 tuum:
1625 3936 1659 3991 et
1703 3947 1803 4011 quem

1148 4014 1293 4077 aeternis
1309 4014 1468 4095 dignatus
1483 4035 1519 4078 es
1537 4034 1699 4079 renouare
1715 4036 1805 4097 mys·

1148 4099 1299 4165 teriis.a
1329 4100 1570 4184 temporalibus
1599 4102 1706 4186 culpis
1730 4103 1803 4185 dig-

1149 4198 1268 4253 nanter
1283 4189 1441 4254 absolue:
1465 4210 1532 4273 per.

1357 4421 1595 4483 SABBATO.

1179 4540 1209 4599 Ᾰ.
1249 4546 1353 4602 Eduxit
1372 4545 1505 4602 dominus
1524 4548 1659 4619 populum
1677 4566 1769 4604 suum.

1211 4674 1365 4725 ONCEDE
1410 4674 1638 4739 Quaesumus
1687 4677 1802 4728 OMNI-

1234 4761 1377 4813 POTENS
1394 4762 1507 4814 DEUS:
1531 4764 1581 4814 UT
1599 4764 1666 4828 Qu1
1688 4764 1802 4816 FESTA

1148 4836 1337 4899 pascuali:
1360 4838 1552 4901 uenerando
1574 4839 1704 4920 egimus
1721 4890 1727 4903 .
1743 4861 1803 4923 per

1146 4923 1229 4986 haec
1243 4923 1438 5007 contingere
1458 4925 1502 4989 ad
1523 4925 1647 5007 gaudia
1665 4935 1802 4991 aeterna

1146 5029 1353 5074 mereamur:
1377 5031 1444 5095 per.

1416 5147 1478 5205 llsol.
1492 5150 1532 5210 48.
