4109 6275
445 804 678 857 SANCTORUM
703 807 918 860 MARTYRUM
943 808 1113 860 TIBURTII
1136 812 1186 861 ET
1210 813 1430 866 UALERIANI.
1576 806 1617 884 83

462 991 704 1043 nnntnunrton
963 997 998 1051 et
1023 995 1104 1052 tuae
1129 990 1227 1053 nobis
1253 991 1501 1057 misericordiae
1527 994 1618 1059 dona

356 1118 499 1191 [Erasure
516 1124 689 1195 osswmn
708 1123 816 1197 ‘imp
963 1074 1119 1140 conciliet
1138 1097 1219 1160 :per
1234 1077 1417 1143 dominum.

1141 1236 1438 1287 postcommunio.

991 1329 1092 1385 *acro
1113 1342 1250 1387 munere
1269 1324 1381 1389 satiati
1400 1327 1568 1410 supplices
1583 1337 1618 1392 te

1036 1409 1172 1473 domine
1202 1410 1442 1494 deprecamur.
1460 1424 1495 1477 ut
1525 1416 1616 1498 quod

962 1494 1096 1597 detritae
1126 1497 1295 1599 seruitutis
1325 1499 1533 1602 celebramus
1568 1501 1617 1603 of·

258 1728 330 1771 erus
360 1718 393 1772 et
423 1729 554 1773 crucem
588 1712 630 1774 ad
665 1723 912 1777 resurrectionis
1159 1721 1166 1735 ⁶
1421 1726 1426 1737 ‘

282 1796 398 1859 loriam
460 1798 656 1861 “jucamur
692 1798 903 1864 ereundem,
963 1770 1018 1820 Mo
1041 1808 1047 1819 .
1071 1758 1266 1822 saluationis
1311 1769 1389 1825 tuae
1432 1763 1617 1826 sentiamus

258 1816 281 1877 g
416 1817 458 1879 pe
650 1819 690 1881 Ῥ
904 1849 911 1864 ·
961 1854 1181 1926 augmentum
1201 1866 1288 1928 :pen

438 1273 735 1324 postcommunio.

325 1359 443 1423 ratiam
465 1371 560 1425 tuam
583 1362 719 1426 domine
742 1365 911 1429 mentibus

347 1448 468 1511 nostris
484 1447 622 1512 infunde
638 1501 644 1513 .
662 1452 770 1533 utqui
791 1450 912 1534 angelo

259 1535 434 1599 nuntiante
453 1535 567 1599 christi
588 1536 646 1599 filii
664 1537 712 1601 tui
734 1539 911 1603 incarnati·

1003 2069 1576 2131 mommio

1104 2189 1133 2248 Ᾰ,
1164 2187 1312 2243 Protexisti
1330 2205 1377 2244 me
1395 2189 1475 2246 deus.

1038 2315 1109 2366 EUS
1135 2315 1203 2380 Qut
1230 2317 1302 2368 NOS
1325 2318 1435 2369 BEATI
1459 2318 1616 2370 GEORGII

1059 2402 1248 2455 unnrrnrs
1265 2392 1312 2454 tui
1329 2393 1455 2456 meritis
1470 2403 1505 2457 et
1516 2393 1615 2456 inter-

962 2476 1112 2540 cessione
1149 2477 1335 2542 laetificas:
1355 2480 1503 2543 concede
1540 2499 1616 2563 pro·

961 2564 1063 2647 pitius
1079 2614 1086 2628 .
1104 2574 1141 2628 ut
1170 2566 1226 2647 qui
1253 2567 1325 2629 eius
1353 2566 1514 2642 beneficia
1540 2586 1615 2649 pos·

962 2651 1093 2714 cimus.
1113 2653 1204 2716 dono
1234 2662 1313 2716 tuae
1342 2654 1469 2736 gratiae
1500 2673 1616 2718 conse·

961 2758 1128 2821 quamur:
1143 2759 1209 2822 per.

311 2212 352 2277 Ᾰ.’
373 2224 471 2278 Sancti
489 2223 529 2278 tui
548 2223 664 2279 domine
681 2224 858 2280 benedicent

259 2346 266 2430 Ι
278 2359 477 2493 Pnansm
497 2360 726 2424 Quaesumus
749 2363 911 2416 ouurro·

359 2447 454 2498 rsus
485 2447 582 2499 nnus
601 2448 675 2499 :ur
706 2448 773 2513 Qui
801 2450 911 2514 sauc-

259 2534 392 2585 ronuu
438 2534 601 2585 ruonuu
646 2536 818 2587 rrsunru
864 2539 911 2588 nr

261 2621 469 2673 untnnrnm
482 2621 583 2692 atque
600 2623 743 2672 unx1u1
759 2611 911 2675 solennia

259 2695 429 2760 colimus.
454 2716 568 2759 eorum
619 2698 721 2761 etiam
772 2699 911 2762 uirtutes

260 2784 428 2847 imitemur
445 2806 452 2846 :
468 2803 534 2866 per.

503 2894 658 2944 ΒΕΟΗΕΤΑ
1212 2892 1373 2941 stettein.

265 2977 427 3108 Hostia
450 2975 532 3041 haec
553 2996 755 3060 quaesumus
775 2979 912 3042 domine
970 2987 1156 3113 Munera
1196 2982 1332 3046 domine
1371 2981 1486 3046 oblata
1522 3003 1617 3047 sanc-

362 3084 463 3148 quam
494 3063 527 3126 in
558 3073 751 3127 sanctorum
778 3074 911 3129 tuorum
1075 3068 1165 3133 tifrca
1182 3120 1187 3132 .
1204 3079 1238 3133 et
1253 3070 1501 3156 intercelldente
1516 3071 1616 3136 beato

258 3164 675 3217 TIBURT11.UALERIANI
707 3162 741 3217 et
768 3166 911 3216 MAXIMI
962 3170 1130 3220 GEORGIO
1167 3168 1312 3240 martyre
1347 3167 1435 3222 tuo.
1462 3179 1522 3221 nos
1558 3179 1617 3242 pet·

259 3239 422 3304 nataliciis
443 3250 654 3303 recensentes
669 3238 839 3304 offerimus
855 3290 862 3304 .
878 3251 912 3305 et
961 3244 1045 3307 haec
1093 3264 1112 3307 a
1161 3256 1373 3326 peccatorum
1426 3255 1614 3309 nostrorum

259 3324 391 3390 uincula
407 3338 541 3390 nostrae
553 3327 728 3408 prauitatis
739 3326 911 3392 absoluat.
962 3329 1102 3394 maculis
1124 3331 1271 3395 emunda
1289 3356 1296 3395 :
1312 3352 1379 3414 per.

388 3465 505 3529 niolae
645 3464 705 3527 troi.
717 3467 780 3527 8511.
1177 3446 1180 3451 ’
1229 3469 1295 3528 uror.
1310 3469 1350 3520 aa.

307 3642 317 3675 ¹
335 3644 437 3694 Resides
456 3644 499 3694 the
517 3643 607 3701 mutat,
625 3644 667 3694 the
687 3644 816 3710 following
834 3646 970 3711 fragments
989 3660 1037 3695 can
1056 3645 1089 3695 be
1108 3645 1259 3710 deeipnered
1278 3644 1308 3695 of
1326 3647 1369 3696 the
1389 3647 1476 3696 erased
1497 3647 1616 3697 helnae:

258 3709 293 3774 (ι)
304 3712 427 3759 ‘uraniae
437 3709 541 3775 uirginis
552 3726 597 3774 par
608 3708 643 3773 (a)
648 3749 707 3761 ......
710 3710 817 3763 oet...mi
828 3710 1043 3774 (3)„.mysterium
1053 3718 1078 3760 et
1090 3711 1255 3760 inenarrabile
1266 3727 1294 3760 sa
1305 3713 1342 3773 (4)
1353 3713 1613 3776 cram......et...(5)...

258 3774 398 3825 constantia
415 3773 451 3838 (6]
456 3814 515 3825 ......
517 3774 710 3839 dispensationis
727 3777 898 3841 operationem
920 3775 971 3840 (ro)
988 3783 1141 3841 .....ga...est
1161 3775 1388 3841 fra)...atur...(13)
1392 3815 1451 3827 ......
1454 3776 1506 3840 (ι4)
1529 3789 1615 3828 resurr

258 3851 405 3890 ctttrtsrtrnt
417 3840 546 3889 dominum
558 3848 669 3890 nostrum
681 3841 745 3905 per.'
948 3878 952 3887 .
1470 3884 1474 3891 .
1576 3890 1578 3892 ,

308 3904 318 3936 ¹
334 3906 359 3956 0
378 3905 457 3971 posite
468 3905 519 3955 line
535 3920 562 3954 ra
574 3906 602 3954 of
612 3906 654 3955 the
666 3906 755 3971 ruling,
766 3907 816 3956 and
828 3907 854 3956 in
865 3914 999 3957 serenteen
1011 3904 1082 3963 lines,
1095 3906 1127 3956 its
1137 3907 1273 3956 thirteenth
1284 3922 1347 3956 even
1359 3906 1419 3957 nith
1430 3906 1481 3957 line
1494 3922 1525 3957 ao
1535 3906 1565 3957 of
1573 3906 1616 3958 the

258 3971 348 4036 ruling,
411 3971 417 3982 “
464 3970 507 4020 the
522 3970 659 4036 following.
693 3973 717 4020 A
732 3972 856 4022 reference
872 3971 943 4021 mark
959 3971 1129 4035 immediately
1143 3971 1228 4021 before
1242 3972 1285 4021 the
1300 3971 1352 4022 first
1369 3972 1436 4021 word
1452 3973 1617 4037 corresponds

258 4036 319 4086 with
330 4037 436 4086 another
444 4036 614 4101 immediately
625 4037 689 4086 after
700 4037 741 4086 the
753 4037 800 4087 last
811 4038 879 4087 word
892 4036 921 4086 of
929 4036 971 4087 the
984 4036 1055 4086 Mass
1067 4035 1111 4084 ‘ln
1122 4036 1321 4087 Annuntintione
1332 4037 1467 4089 Dominioa
1475 4036 1528 4084 ':-

307 4101 392 4153 Sancti
403 4102 520 4151 ambrosii
529 4102 676 4151 confessoris
688 4101 723 4151 tui
735 4111 810 4167 atque
821 4101 947 4167 pontificis
958 4118 1004 4150 nos
1015 4102 1117 4150 domine
1129 4101 1217 4165 iugiter
1229 4110 1393 4167 prosequatur
1403 4102 1484 4151 oratio
1494 4120 1500 4151 ε
1510 4110 1535 4151 et
1547 4102 1615 4167 quod

257 4166 349 4233 peticio
360 4176 444 4217 nostra
454 4182 505 4216 non
516 4167 634 4231 impetrat
647 4202 653 4215 .
666 4167 720 4232 ipso
732 4183 779 4232 pro
790 4168 863 4217 nobis
873 4166 1055 4217 interueniente
1066 4173 1188 4232 prestetur
1200 4201 1207 4214 .
1219 4183 1272 4232 per.

865 4277 1002 4328 Sacrana,

306 4358 345 4409 Sit
361 4358 408 4407 tibi
424 4373 574 4423 quaesumus
589 4358 692 4408 domine
708 4367 792 4409 nostre
808 4359 949 4410 deuotionis
965 4358 1062 4409 oblatio
1079 4358 1240 4423 acceptabilis
1253 4395 1258 4405 .
1272 4366 1298 4409 ut
1317 4359 1393 4408 beato
1411 4359 1538 4409 ambrosio
1556 4374 1615 4409 eon·

257 4424 348 4475 fertore
359 4431 403 4473 tuo
414 4432 489 4489 atque
500 4423 620 4489 pontifice
630 4424 799 4475 intercedente
812 4459 819 4473 .
830 4433 856 4475 et
867 4434 909 4475 tue
921 4425 1019 4490 placeat
1031 4423 1153 4474 maiestati
1167 4459 1173 4472 .
1185 4431 1210 4474 et
1221 4432 1305 4474 nostre
1316 4423 1429 4489 proficiat
1441 4423 1515 4474 saluti
1528 4458 1535 4471 .
1548 4424 1604 4474 Per.

818 4535 1055 4585 Posrcouuunro.

228 4652 233 4658 .
307 4611 428 4664 Misterlis
442 4613 535 4663 diuinis
552 4614 634 4665 referti
651 4615 753 4666 domine
771 4617 835 4675 deus
851 4651 858 4666 .
874 4633 1024 4683 quaesumus
1043 4625 1071 4666 ut
1091 4616 1158 4667 beati
1179 4615 1299 4666 ambrosii
1317 4613 1465 4666 confessoris
1483 4614 1520 4664 tui
1539 4621 1615 4680 atque

258 4677 382 4756 pontilicis¹
409 4678 502 4745 ubique
530 4679 705 4731 intercessione
732 4691 893 4747 protegamur
910 4718 917 4731 .
934 4683 1004 4733 cuius
1034 4698 1118 4732 annua
1146 4681 1305 4732 ueneratione
1332 4680 1380 4731 hec
1407 4688 1449 4729 tue
1477 4679 1614 4745 optulimus

306 4809 362 4860 The
373 4760 542 4874 henllierrvriting
552 4809 574 4860 is
585 4810 639 4860 that
648 4811 678 4861 of
685 4811 729 4861 the
740 4812 867 4863 additions
877 4829 911 4863 on
924 4827 955 4879 79
966 4813 1016 4862 and
1030 4827 1061 4889 79
1066 4830 1092 4861 v.

306 4871 318 4904 ⁸
334 4873 458 4939 Opposite
472 4875 523 4925 this
538 4876 689 4937 title—85v.
705 4876 817 4940 (r5l—in
832 4878 875 4928 the
889 4887 961 4928 outer
976 4894 1072 4941 margin
1087 4877 1130 4927 the
1145 4877 1257 4942 frequent
1272 4883 1406 4926 annotator
1419 4875 1510 4934 write,
1525 4876 1551 4924 in
1565 4892 1614 4926 one

258 4939 317 4996 line,
331 4941 384 4989 ‘De
395 4950 483 4990 sancto
493 4940 591 5005 elfego.
603 4940 711 4991 Oratio.'
736 4943 851 4993 Another
859 4943 926 4993 hand
938 4943 983 4993 has
994 4944 1041 4993 sub
1086 4943 1172 5007 uently
1181 4942 1264 4991 added
1277 4942 1360 4991 ‘Deus
1369 4942 1415 5005 qui
1424 4941 1519 4990 beatum
1530 4942 1613 4990 archi·

252 5005 378 5120 ptllrsuukall
389 5005 470 5120 Quenrie
480 5007 669 5120 pmppplkpm
684 5022 731 5083 pro
746 5007 1055 5121 defunctis.s.tideliupt
1088 5024 1139 5123 eol}
1145 5008 1257 5122 oprpium
1270 5042 1276 5054 .
1289 5007 1314 5055 in
1325 5006 1442 5120 siemundi,
1448 5003 1525 5119 fplio.’
1559 5006 1614 5119 Tlhe

257 5087 266 5119 ι
311 5086 325 5119 c
393 5085 427 5134 po
459 5086 523 5120 ono
577 5087 592 5121 e
616 5087 736 5136 oregorng
752 5089 819 5121 ison
835 5089 988 5125 anerasure.
1024 5090 1073 5124 .ee
1122 5109 1148 5121 ..
1170 5088 1297 5135 o.rrrv.
1375 5088 1613 5136 ewoeoourpex

258 5143 317 5184 note
329 5135 349 5183 is
360 5135 385 5184 in
397 5135 434 5183 six
446 5135 515 5185 short
527 5136 598 5185 lines.
