4109 6275
438 766 498 829 134
681 759 732 807 nt)
757 755 984 809 POSCENDAM
1008 753 1181 805 GRATIAM
1205 752 1376 804 SPIRITUS
1398 751 1521 803 SANCT
1523 752 1545 802 1.

431 951 554 1022 semper
572 938 783 1001 consolatium
802 936 947 1019 gaudere
966 985 973 999 .
995 934 1088 997 Per.
1145 933 1227 1053 hep·
1268 930 1359 983 Beata
1386 945 1457 998 80⁰⁵
1483 929 1564 983 cuius
1592 937 1635 982 θεῖ
1665 926 1800 1009 dominus

431 1026 597 1090 eiusdem,
1186 1044 1189 1059 .
1213 1016 1264 1054 eus
1282 1016 1379 1054 eorum
1438 999 1520 1070 pulus
1538 1016 1623 1069 quem
1640 999 1724 1067 elegit
1746 998 1798 1052 ‹lo-

1177 1071 1270 1124 ntinus
1282 1070 1312 1123 in
1325 1070 1362 1124 he
1412 1071 1510 1125 itatem
1520 1069 1583 1124 sibi.
1610 1072 1683 1125 Uers
1700 1070 1799 1123 Uerbo

872 1197 878 1208 ,
1176 1140 1283 1195 domini
1299 1141 1369 1196 caeli
1386 1141 1489 1196 firmati
1505 1151 1572 1196 sunt
1587 1139 1725 1211 etspiritu
1739 1140 1798 1193 oris

593 1194 736 1267 [EVMW‘
753 1197 788 1263 Os
805 1194 834 1265 ¹}
854 1192 931 1264 Ilm-l
1175 1212 1237 1267 eins
1266 1213 1361 1267 omnis
1390 1213 1479 1266 uirtus
1512 1228 1617 1266 eorum.
1666 1211 1796 1265 Alleluia.

1179 1289 1252 1340 l'ers
1278 1284 1351 1338 Veni
1362 1292 1461 1338 sancte
1473 1283 1589 1354 spiritus
1598 1282 1675 1363 reple
1684 1292 1797 1364 tuorum

459 1374 583 1421 tfierto
610 1375 758 1420 neruum
786 1374 1061 1421 apostolottutn,
1175 1355 1263 1435 corda
1287 1355 1465 1480 fideliupsset
1490 1354 1530 1409 tui
1554 1370 1660 1408 amoris
1684 1371 1712 1407 tn
1735 1353 1798 1408 eius

1177 1443 1271 1494 ignem
1291 1443 1378 1480 accen
1401 1442 1439 1479 e.

478 1525 502 1574 N
538 1510 656 1573 diebus
690 1507 772 1571 illis'
798 1533 804 1571 :
827 1522 907 1571 Cum
942 1507 1088 1590 comple·

497 1607 610 1661 rentur
638 1598 711 1661 dies
742 1605 1089 1679 pentecosteszerant
1373 1573 1564 1622 ΙΟΗΑΝΝΕΜ·

434 1705 551 1748 omnes
581 1683 733 1766 discipuli
766 1681 889 1765 pariter
918 1682 954 1744 in
982 1682 1088 1745 eodem
1183 1670 1208 1717 N
1246 1656 1353 1718 illlff·
1382 1657 1481 1720 Dixit
1515 1657 1673 1720 dOmissuS
1709 1656 1797 1718 iesus

433 1773 539 1837 loco’.
567 1773 612 1836 Et
646 1771 753 1834 factus
789 1780 840 1833 est
875 1778 1011 1851 repente
1045 1771 1089 1833 de
1201 1743 1373 1825 (ῘῙΒΕῘΡΠῙῙ8
1403 1744 1494 1806 ⁸⁰5⁸·
1514 1742 1551 1808 Si
1581 1745 1656 1826 <inis
1686 1743 1797 1843 fffffigst

434 1858 528 1923 caelo
557 1879 659 1923 sonus
689 1869 850 1940 tanquam
878 1856 1088 1920 aduenientis
1141 1849 1193 1893 ¹¹¹⁶
1210 1850 1420 1894 ‘sermonem
1437 1831 1732 1894 meumsefflab't·
1751 1830 1798 1893 Et

434 1946 569 2030 spiritus
601 1946 810 2010 uehementis
841 1969 848 2007 :
880 1954 913 2007 et
949 1944 1089 2027 repleuit
1140 1928 1235 2018 pater
1250 1938 1345 1981 meus
1360 1918 1477 2001 diliget
1489 1927 1643 2019 Pumsset
1658 1918 1699 1981 ad
1718 1938 1796 1981 ²1¹1ss

435 2044 541 2098 totam
558 2034 697 2097 domum
717 2032 772 2095 ubi
794 2041 889 2095 erant
909 2032 1088 2096 sedentes·
1140 2014 1373 2068 uentemus.et
1391 2025 1598 2069 mansionem
1614 2005 1704 2088 apud
1717 2025 1795 2068 eum

435 2122 481 2185 Et
518 2129 744 2205 apparuerunt
789 2119 852 2182 illis
894 2120 1089 2201 dispertitae
1141 2091 1301 2155 fidemus
1324 2141 1332 2156 ·
1355 2091 1422 2175 Qui
1460 2113 1527 2156 '¹⁰¹²
1563 2093 1674 2176 diligit
1711 2113 1797 2157 me:

435 2209 568 2290 linguae
598 2217 759 2290 tanquam
796 2207 882 2289 ignis
905 2256 911 2268 Ι
935 2207 1089 2289 seditque
1140 2201 1311 2242 sermones
1349 2200 1443 2243 meos
1481 2201 1560 2279 non·
1582 2190 1694 2280 seruat
1716 2230 1723 2242 .
1749 2181 1795 2242 Et

434 2317 534 2379 supra
564 2296 714 2377 singulos
743 2314 880 2357 eorum.
900 2294 944 2356 Et
971 2294 1088 2376 repleti
1140 2288 1326 2331 sermonem
1355 2288 1455 2350 quem
1483 2269 1623 2331 audlstts
1650 2287 1717 2331 ⁰0¹1
1744 2277 1796 2330 est

434 2393 511 2447 sunt
526 2404 643 2446 ornnes
659 2381 776 2464 spiritu
792 2392 910 2443 sancto
925 2390 977 2443 :et
993 2402 1089 2463 cepe·
1141 2374 1235 2417 meus
1250 2355 1323 2416 ²⁵ed
1341 2356 1412 2417 ‘³5⁰⁵'
1427 2356 1484 2438 qni
1502 2356 1592 2456 ¹⁰5⁸,st
1605 2375 1658 2418 ¹¹¹0
1671 2356 1795 2437 pallis·

436 2480 512 2533 sunt
554 2469 643 2553 loqui
681 2468 780 2532 uariis
816 2467 937 2550 pinguis
962 2477 1092 2550 :prout
1143 2440 1238 2504 Haec
1255 2441 1386 2505 locutus
1402 2461 1475 2505 surn
1495 2443 1715 2524 uobtszapud
1735 2462 1797 2505 uos

434 2558 569 2641 spiritus
584 2568 720 2621 sanctus
735 2556 839 2619 dabat
855 2554 966 2638 eloqui
983 2552 1072 2620 illis⁴.
1401 2584 1410 2633 tt
1422 2577 1465 2627 tot.
1483 2592 1536 2641 147·

483 2748 492 2780 ¹
511 2748 582 2798 With
600 2747 641 2797 the
658 2748 789 2813 exception
806 2747 836 2795 of
849 2747 892 2796 the
910 2745 961 2796 first
977 2747 1055 2803 word,
1073 2747 1116 2797 the
1132 2748 1215 2797 whole
1231 2747 1260 2797 of
1275 2748 1323 2798 this
1339 2764 1428 2813 prayer
1443 2749 1465 2798 is
1481 2765 1514 2798 on
1531 2765 1565 2798 an
1581 2766 1687 2806 erasure
1701 2752 1751 2800 and
1770 2751 1795 2800 in

434 2815 539 2865 another
555 2814 630 2863 hand.
668 2812 741 2864 After
756 2814 788 2862 its
802 2813 946 2862 conclusion
962 2829 995 2862 on
1012 2812 1062 2862 line
1077 2829 1093 2880 9
1109 2829 1156 2863 can
1172 2814 1204 2864 be
1220 2813 1372 2878 deciphered
1391 2813 1479 2872 ‘dili';
1497 2814 1546 2864 and
1564 2831 1598 2864 on
1619 2831 1648 2866 ro
1664 2822 1737 2881 ‘gere
1750 2851 1757 2863 .
1769 2826 1794 2867 et

434 2881 511 2945 digne
522 2880 613 2929 laud..
624 2894 709 2929 eantur
719 2914 725 2926 .
736 2894 794 2944 per.
807 2877 935 2928 eiusdem)

483 2944 535 2995 ’A
558 2944 682 3010 peneiiled
705 2945 784 3005 mark,
803 2944 904 2995 crossed
926 2952 952 2993 at
975 2943 1006 2993 its
1028 2959 1108 3009 upper
1130 2945 1188 3001 end,
1205 2945 1310 2995 extends
1329 2944 1405 3009 along
1424 2946 1467 2995 the
1486 2956 1557 2996 nutet
1580 2947 1675 3011 margin
1698 2947 1727 2996 of
1745 2948 1797 2997 this

436 3012 539 3062 Lesson.

482 3076 493 3109 ⁸
510 3075 572 3126 This
585 3075 625 3125 ‘in
638 3075 726 3125 eodem
739 3073 815 3136 loco,'
827 3075 852 3123 in
863 3074 969 3124 another
980 3075 1030 3124 and
1043 3075 1106 3125 later
1117 3075 1192 3136 hand,
1207 3075 1272 3126 ison
1284 3092 1316 3125 an
1328 3091 1426 3125 erasure
1438 3084 1481 3126 too
1493 3076 1561 3142 large
1573 3076 1611 3126 for
1623 3077 1649 3127 it.

482 3143 493 3174 ⁴
512 3143 624 3192 Inserted
641 3143 753 3192 between
765 3142 847 3191 leaves
861 3141 906 3203 146
918 3142 968 3192 and
984 3155 1027 3205 147
1040 3142 1061 3191 is
1072 3158 1087 3190 a
1098 3141 1214 3192 half-leaf
1224 3142 1253 3192 of
1265 3142 1366 3203 vellum,
1380 3142 1450 3191 rudel
1478 3152 1528 3203 cut,
1543 3144 1593 3193 aad
1604 3145 1750 3210 containing
1761 3162 1795 3195 on

434 3225 482 3259 one
498 3208 527 3258 of
539 3208 570 3258 its
585 3208 652 3257 sides
664 3207 706 3257 the
717 3206 846 3272 following
857 3208 1030 3257 continuation
1042 3207 1071 3257 of
1082 3207 1124 3257 the
1136 3209 1239 3258 lesson.
1275 3208 1441 3258 ltiswritten
1451 3159 1486 3273 hy
1497 3209 1603 3259 another
1614 3210 1689 3259 hand.
1729 3210 1796 3260 Both

434 3275 476 3325 the
488 3273 596 3354 spelling
607 3273 655 3322 and
668 3273 711 3323 the
723 3272 886 3338 punctuation
898 3289 940 3322 are
952 3273 1084 3337 unusually
1095 3274 1202 3323 careless
1211 3287 1252 3322 :—

485 3341 563 3390 hrant
585 3348 669 3388 autent
691 3338 717 3387 in
740 3338 871 3389 ierusalem
893 3338 1036 3388 habitantes
1058 3338 1125 3388 iudei
1148 3339 1194 3388 uiri
1215 3339 1324 3403 religiosi
1343 3356 1373 3389 ex
1394 3340 1463 3388 omni
1483 3339 1589 3390 nacione
1608 3357 1657 3406 que
1675 3341 1721 3390 sub
1739 3341 1795 3391 celo

434 3415 473 3455 est
486 3440 492 3452 .
506 3405 570 3455 facta
586 3413 669 3454 autem
686 3404 733 3454 hac
750 3420 812 3453 uoce
828 3405 946 3454 conuenit
964 3403 1099 3454 multitudo
1116 3413 1140 3454 et
1158 3412 1242 3454 mente
1257 3404 1361 3454 confusa
1377 3413 1430 3461 est3
1453 3406 1573 3469 quoniam
1589 3406 1706 3455 audiebat
1720 3422 1794 3456 unus·

434 3470 539 3536 quisque
559 3470 642 3534 lingua
663 3486 707 3518 sua
727 3469 783 3518 illos
802 3469 933 3534 loquentes
954 3469 1088 3534 stupebant
1108 3477 1192 3519 autern
1211 3484 1313 3519 omnes:
1337 3479 1361 3520 et
1384 3471 1538 3520 mirabantur
1556 3471 1686 3522 dicentes,
1701 3471 1796 3522 Nonne

435 3551 493 3586 ecce
509 3551 597 3585 ornnes
620 3534 659 3584 isti
679 3534 722 3600 qui
742 3535 877 3599 loquuntur
895 3533 979 3599 galilei
999 3543 1055 3584 sunt
1071 3536 1123 3585 :Et
1143 3536 1271 3599 quomodo
1290 3551 1335 3584 nos
1352 3535 1476 3585 adiuintus
1495 3538 1665 3603 unusquisque
1684 3537 1795 3602 linguam

435 3610 545 3651 nostram
568 3601 592 3649 in
616 3615 666 3665 qua
688 3600 739 3649 nati
761 3617 845 3649 sumus
860 3620 866 3650 ι
880 3600 964 3650 Parthi
978 3609 1020 3650 .et
1045 3600 1170 3650 Medi.et
1194 3600 1295 3650 elamite
1308 3636 1314 3648 .
1327 3609 1351 3650 et
1369 3601 1411 3665 qui
1432 3601 1546 3651 habitant
1564 3605 1793 3668 mesopotamiam.

432 3666 540 3781 pudeam
557 3702 563 3714 .
582 3674 606 3715 et
629 3666 812 3730 capadociam.
830 3668 992 3716 Pontum-et
1016 3681 1120 3729 asyam.
1135 3665 1251 3730 frigiam.
1267 3675 1291 3716 et
1315 3665 1488 3730 panphiliam.
1580 3677 1689 3719 tumet
1712 3677 1797 3734 partes

445 3731 493 3781 ibie
510 3747 574 3797 quae
591 3740 628 3781 est
641 3765 647 3778 .
659 3731 725 3780 circa
741 3731 841 3781 eirenen
855 3766 860 3778 .
873 3741 897 3781 et
914 3731 1011 3781 aduene
1027 3731 1124 3780 romani
1136 3766 1142 3779 .
1153 3732 1228 3795 Judei
1244 3747 1344 3796 quoque
1359 3739 1384 3781 et
1400 3731 1530 3796 proseliti.
1568 3743 1632 3784 retes
1647 3743 1672 3784 et
1686 3736 1795 3784 arabes:

433 3797 575 3847 audiuimus
585 3796 642 3846 illos
654 3797 783 3861 loquentes
795 3797 886 3846 nostris
897 3796 988 3861 linguis
1002 3814 1008 3845 :
1097 3797 1147 3846 alia
1158 3797 1208 3847 dei.

484 3862 539 3912 The
551 3862 623 3912 other
634 3862 688 3912 side
699 3861 728 3911 of
736 3863 778 3912 the
789 3861 905 3912 half-leaf
914 3862 959 3912 has
971 3862 1013 3912 the
1025 3861 1060 3912 fol
1071 3863 1156 3927 owing
1164 3876 1205 3910 :-

906 3965 1018 4008 ttttttto
1038 3971 1089 4007 tuto
1108 3971 1320 4007 tntuttnntttnts.

438 4051 532 4140 Deus
548 4042 591 4118 qui
611 4040 721 4092 caritatis
740 4041 808 4090 dona
827 4057 871 4118 per
889 4040 995 4106 gratiam
1008 4042 1117 4118 'spiritus
1136 4042 1215 4092 sancti
1234 4052 1333 4092 tuorum
1352 4043 1469 4119 cordibus
1489 4042 1600 4092 fidelium
1621 4042 1749 4119 infundis..
1762 4045 1797 4093 da

505 4107 604 4158 famulis
625 4116 650 4157 et
673 4106 813 4156 famulabus
836 4115 885 4156 turs
904 4123 950 4171 pro
972 4108 1062 4172 quibus
1082 4117 1151 4158 tuam
1171 4108 1335 4172 deprecamur
1352 4108 1512 4158 clementiam
1534 4109 1641 4158 salutem
1660 4117 1751 4159 mentis
1771 4121 1797 4160 et

434 4174 545 4239 corporis
562 4181 588 4223 ut
606 4181 630 4222 te
647 4181 701 4223 tota
717 4172 808 4222 uirtute
824 4172 930 4237 diligant
944 4207 950 4220 .
962 4182 987 4222 et
1004 4189 1054 4239 que
1071 4174 1117 4223 tibi
1134 4173 1227 4238 placita
1243 4183 1299 4223 sunt
1318 4183 1371 4224 tota
1387 4173 1522 4224 dilectione
1539 4173 1670 4238 perficiant
1682 4212 1689 4224 .
1703 4190 1756 4240 per.

1044 4267 1181 4314 Succusa.

439 4352 588 4446 Miserere
601 4366 750 4416 quaesumus
763 4350 865 4400 domine
881 4349 979 4400 famulis
994 4359 1018 4400 et
1035 4350 1174 4400 famulabus
1190 4350 1238 4400 tuis
1257 4366 1302 4414 pro
1318 4350 1409 4415 quibus
1426 4350 1474 4399 hoc
1490 4350 1639 4401 sacrificium
1655 4350 1736 4401 laudis
1753 4360 1797 4401 tue

514 4417 640 4467 offerimus
655 4417 778 4466 maiestati
792 4450 797 4463 .
810 4425 837 4465 ut
854 4432 898 4481 per
912 4416 959 4466 hec
973 4427 1060 4466 sancta
1076 4431 1182 4480 supeme
1196 4415 1381 4466 benediccionis
1391 4416 1497 4480 gratiam
1511 4414 1641 4480 optineant
1653 4425 1678 4466 et
1688 4417 1795 4481 gloriam

435 4483 562 4534 felicitatis
578 4491 663 4533 eterne
679 4481 811 4547 adquirant
830 4498 882 4547 per.

996 4542 1231 4590 l‘osrrottituxto.

438 4625 557 4720 Diuina
573 4625 680 4702 libantes
697 4622 806 4673 misteria
825 4639 974 4687 quaesumus
993 4624 1097 4673 domine
1116 4632 1143 4673 ut
1164 4624 1209 4674 hec
1229 4623 1347 4701 salutaria
1365 4630 1522 4674 sacramenta
1542 4623 1591 4700 illis
1610 4623 1742 4700 proficiant
1761 4626 1796 4674 ad

438 4758 484 4807 Per
506 4702 695 4756 prosperitatem
713 4697 738 4739 et
754 4705 842 4754 pacem
860 4705 906 4754 pro
923 4705 1028 4753 quorum
1046 4705 1200 4755 quarumque
1216 4690 1352 4739 drlectrone
1369 4690 1415 4738 hec
1433 4698 1475 4740 tue
1494 4689 1631 4740 obtulimus
1651 4698 1797 4739 maiestati.

485 4791 496 4850 3
513 4822 569 4871 The
583 4828 654 4871 outer
669 4820 766 4886 margin
780 4820 826 4896 has
840 4820 864 4870 in
879 4820 916 4870 six
932 4819 1000 4870 short
1015 4821 1085 4880 lines,
1099 4821 1149 4897 and
1164 4820 1280 4885 opposite
1295 4820 1338 4870 the
1350 4819 1401 4896 first
1413 4820 1483 4870 three
1494 4819 1557 4870 lines
1568 4819 1598 4869 of
1610 4820 1652 4870 the
1664 4820 1798 4886 tulingz-

438 4887 585 4972 ‘Alleluia'
608 4887 749 4966 isaraclitus
758 4895 859 4963 spurtus
873 4897 972 4936 sanctus
988 4902 1064 4951 quem
1076 4895 1157 4936 mittet
1169 4895 1239 4951 pater
1251 4887 1277 4935 in
1288 4902 1390 4935 nornine
1402 4902 1459 4936 meo
1470 4887 1513 4935 ille
1526 4902 1571 4935 uos
1581 4886 1681 4936 docebit
1694 4902 1797 4936 omnem

436 4952 817 5081 uenpappp.indigppp¹gplrpnprgcn
847 4950 1360 5083 ligiiscibistehshlleithstullp’piroffi'is
1382 5017 1469 5067 drawn
1491 5017 1517 5066 in
1540 5016 1582 5066 the
1604 5025 1676 5066 outer
1697 5016 1797 5081 margin

437 5083 552 5149 opposite
569 5081 611 5131 the
629 5081 679 5131 first
697 5083 734 5132 six
752 5083 815 5133 lines
832 5082 861 5132 of
874 5082 918 5133 the
934 5083 1041 5148 Gospel.
