4109 6275
481 781 674 834 oontnrcn
698 781 879 834 oronsmn
902 782 1042 832 monn
1065 782 1154 835 ross
1177 782 1257 834 ocr.
1281 782 1388 834 rone.
1573 769 1618 849 69

256 959 410 1023 Alleluin
450 957 520 1037 Qui
538 959 703 1042 confidunt
724 957 759 1023 iu
782 958 912 1023 dommo
964 958 1058 1024 mine.
1093 960 1194 1026 Grati.
1236 959 1404 1025 Liberasti
1420 982 1477 1024 nos
1490 960 1619 1024 domine

255 1046 341 1110 secut
362 1067 454 1110 mons
473 1067 550 1129 syon
577 1067 639 1110 non
665 1045 913 1110 commonebitur
962 1067 1002 1109 ex
1025 1045 1245 1130 affligentibus
1270 1069 1327 1111 nos
1351 1057 1384 1111 et
1406 1069 1456 1112 eos
1480 1048 1619 1131 quinos

258 1133 293 1198 in
318 1147 463 1197 eternum
493 1134 552 1216 qui
572 1185 579 1198 .
601 1134 730 1198 habitat
758 1134 794 1198 in
825 1133 911 1198 teru-
963 1134 1101 1198 oderunt
1124 1134 1308 1216 confudisti.
1353 1135 1394 1198 In
1421 1134 1477 1198 deo
1502 1134 1618 1198 laudo·

256 1222 366 1287 salem.
408 1219 520 1300 Offert.
573 1221 756 1284 Recordare
775 1221 840 1284 mei
856 1221 912 1284 do·
964 1222 1076 1286 bimur
1089 1231 1155 1285 tota
1169 1221 1223 1285 die
1240 1232 1272 1285 et
1289 1223 1324 1286 in
1339 1222 1467 1286 nomine
1481 1232 1536 1285 tna
1548 1242 1618 1285 con·

258 1309 353 1381 mine,
372 1308 640 1391 omnipotentatui
666 1308 839 1372 dominans
867 1307 912 1372 da
955 1309 1129 1391 filebimur
1152 1309 1187 1373 in
1212 1310 1325 1376 secula.
1369 1309 1524 1373 Alleluia.
1568 1308 1621 1372 De

256 1417 431 1460 sermonem
461 1405 581 1460 rectum
612 1396 647 1459 in
676 1417 711 1459 os
740 1417 846 1461 mcum
877 1405 915 1459 nt
957 1395 1138 1480 profundis
1170 1398 1314 1462 clomaui
1348 1397 1396 1460 ad
1429 1408 1458 1461 te
1494 1395 1623 1459 domiue

251 1483 402 1566 placeant
438 1483 533 1547 verba
570 1504 641 1547 mea
678 1483 713 1546 in
753 1493 913 1567 conspectu
964 1483 1226 1548 doonineexoudi
1239 1506 1343 1549 uocem
1355 1504 1467 1548 mam.
1504 1479 1615 1558 Offirrt.

252 1570 449 1654 principum
488 1590 554 1631 com
602 1570 685 1634 Dico
715 1570 804 1634 vobis
826 1590 913 1653 gou-
964 1570 1017 1633 De
1031 1571 1211 1654 profundis
1230 1571 1375 1640 clamant
1391 1572 1439 1635 ad
1451 1571 1623 1636 tedomine

258 1658 351 1721 dium
373 1668 435 1728 ‚est
468 1658 595 1741 angelis
630 1658 684 1722 dei
720 1670 816 1742 super
852 1679 914 1722 vno
965 1658 1093 1722 domine
1131 1659 1253 1722 exaudi
1289 1659 1466 1723 oracionem
1508 1678 1620 1722 meam.

252 1754 412 1827 peetatore
427 1744 641 1827 penitentiam
662 1756 776 1827 agente
776 1794 911 1810 ..........
961 1763 1037 1804 coiit.
1100 1747 1130 1808 Α
1137 1767 1207 1809 mm
1244 1747 1313 1809 dico
1347 1746 1436 1811 vobis
1468 1744 1625 1829 qeeicqnid

263 1880 721 1899 .................................
723 1854 782 1917 per
803 1853 913 1915 quem.
966 1844 1094 1897 orantes
1105 1833 1221 1916 petitis
1239 1833 1356 1897 credite
1372 1835 1450 1916 quia
1465 1832 1623 1915 acceptetis

434 1960 732 2012 eosroonnunm.
965 1921 1067 2004 etfier
1080 1921 1177 1985 vobis.

329 2071 373 2114 ua
422 2070 483 2113 nos
527 2049 664 2114 domine
708 2047 916 2114 medicinalis
1141 2052 1438 2100 postcommumo.

350 2138 501 2221 operatio
521 2148 555 2202 et
575 2159 596 2200 a
614 2139 735 2201 nostris
754 2138 915 2220 peruersi·
970 2139 1037 2270 U
1049 2149 1062 2200 t
1075 2138 1176 2201 sacris
1188 2138 1325 2202 domine
1338 2138 1517 2202 reddamur
1528 2137 1621 2220 digni

263 2225 387 2289 tatibus
402 2224 584 2289 clementer
598 2225 760 2308 expediat
775 2274 782 2287 .
797 2234 830 2289 et
850 2225 915 2288 tuis
1070 2225 1262 2289 muneribus
1289 2275 1296 2290 .
1323 2225 1375 2289 sac
1420 2246 1481 2289 nos
1521 2246 1623 2308 quae·

262 2311 361 2377 saciat
387 2332 519 2395 semper
547 2312 696 2376 inherere
722 2311 890 2376 mandatis
910 2335 917 2376 ι
968 2332 1084 2377 sumus
1099 2313 1166 2376 tuis
1181 2313 1340 2377 obaedire
1355 2312 1524 2377 mandatis
1536 2336 1543 2376 z
1556 2332 1621 2396 per.

262 2420 328 2483 pen
359 2524 812 2586 Dommmuxxlmr
1077 2489 1327 2552 oonnoon
1358 2489 1509 2549 xxnw

396 2646 441 2704 R
1106 2596 1151 2653 Ᾰθ,

1035 2717 1202 2767 nnrtrnn
1243 2716 1351 2767 ronn
1395 2714 1624 2779 ounnsonus

313 2767 455 2819 Anemo
495 2768 725 2833 Qunssonos
766 2768 919 2819 nonme
972 2717 1028 2845 F

853 2844 860 2857 ‚
1286 2803 1311 2853 n
1356 2803 1380 2853 n
1413 2805 1437 2853 n
1465 2803 1600 2853 nem

264 2843 918 3014 ΡΙΜἸῙΠΙΞᾞΒΞΞΟΞΞΝἐξάρᾞξῖἓῐῃᾞ
970 2805 1208 2943 custoIdhniidihJ
1221 2803 1352 2941 cithctisi
1365 2803 1624 2942 aduersitatibu}

264 3017 420 3081 omnibus
457 3018 660 3081 mundentur
700 3015 836 3081 offensis
857 3067 864 3083 .
885 3027 918 3082 et

263 3125 377 3169 secura
393 3103 453 3169 tibi
471 3114 583 3171 mente
599 3105 790 3169 deseruiant
805 3128 812 3169 :
828 3125 895 3189 per.

506 3236 669 3287 stenen.

970 2977 1004 3030 te
1020 2974 1217 3048 protegente
1232 2965 1276 3028 sit
1292 2964 1413 3029 libera.
1426 2975 1459 3028 et
1479 2965 1510 3028 in
1528 2964 1625 3028 bonis

970 3053 1100 3117 actibus
1117 3064 1175 3117 tuo
1190 3052 1317 3116 nomini
1333 3054 1376 3116 sit
1395 3051 1541 3116 deuota:
1557 3073 1625 3136 per.

1210 3195 1376 3244 secem.

264 3323 485 3459 Caelestem
510 3323 606 3387 „obis
629 3324 812 3406 praebeant
835 3324 917 3387 haec
967 3283 1136 3415 Suscipe
1152 3283 1288 3347 domine
1304 3282 1468 3365 propitius
1479 3281 1624 3346 hostias.

1044 3371 1165 3453 quibus
1194 3380 1229 3434 et
1255 3381 1289 3435 te
1315 3369 1440 3453 placari
1467 3368 1624 3433 uoluisti.

970 3468 1006 3522 et
1037 3458 1133 3521 nobis
1162 3458 1305 3521 salutem
1336 3458 1465 3540 potenti
1500 3457 1626 3539 pietate

972 3547 1100 3610 restitui
1119 3551 1222 3628 :pert

348 3411 508 3494 mysteria
542 3430 744 3494 quaesumus
780 3411 918 3475 domine

265 3498 465 3563 medicinam
481 3547 489 3562 .
505 3507 539 3561 et
569 3498 651 3561 uitia
678 3500 781 3562 nostri
808 3499 918 3563 cordis

263 3595 436 3668 expurgent
451 3595 533 3666 :per
552 3573 752 3651 dominnm⁸.'
1343 3661 1358 3687 a

1038 3686 1211 3748 Doncinica
1227 3734 1232 3745 .
1250 3701 1390 3747 t'Xllll.
1408 3681 1552 3763 officiunt

310 3763 508 3841 lDonciuico
523 3816 528 3828 .
547 3745 668 3832 Xh'lll.
685 3762 842 3844 officiunt*-
1023 3807 1138 3880 Μαι
1152 3796 1187 3860 in
1208 3807 1238 3860 te
1255 3794 1385 3858 domim
1397 3794 1456 3877 qm·
1469 3803 1629 3858 nomm

345 3874 402 3939 llll
425 3872 577 3938 dominus
601 3892 657 3955 egl)
678 3873 779 3955 cogito
800 3873 919 3955 cog'lla·
1048 3893 1270 3948 nomentum
1289 3882 1443 3965 quoniam
1462 3902 1525 3944 mm
1539 3881 1626 3944 dm.

361 3961 463 4026 cim
476 3959 571 4044 pacis
595 3969 627 4022 tl
647 3980 710 4024 tum
732 3958 920 4043 afflt'ccivnis
970 3972 1094 4055 linquis
1115 3980 1277 4053 querentes
1297 3980 1330 4033 te
1342 3969 1476 4050 psallite
1498 3968 1627 4032 domino

268 4048 457 4114 inuocalitis
476 4069 527 4112 me
543 4056 575 4111 et
592 4067 647 4129 ego
665 4047 840 4112 exaudiam
863 4069 920 4111 uos
970 4058 1170 4143 quitabunt
1184 4058 1218 4121 in
1237 4077 1323 4138 yon,
1361 4058 1409 4118 Ps
1451 4053 1630 4138 confitebar

266 4147 297 4199 et
316 4137 464 4201 reducam
481 4134 702 4219 captiuitatem
717 4144 860 4198 nestram
881 4136 919 4199 de
971 4147 1035 4211 tibi
1060 4145 1189 4208 domim
1217 4144 1251 4207 in
1281 4153 1345 4208 toto
1374 4141 1474 4206 eorde.
1522 4142 1624 4204 Grad.

266 4224 385 4287 ‘linitis
412 4222 496 4287 locis·
545 4225 594 4286 Pl
637 4221 842 4286 Bmdl‘isli
865 4221 919 4285 dt·
972 4230 1271 4297 lustnsesdomine
1283 4239 1315 4294 et
1333 4239 1452 4293 rectum
1468 4229 1626 4293 iudicium

532 4342 597 4403 stol
611 4356 650 4408 7⁰·
971 4331 1065 4385 nerem
1080 4370 1087 4386 .
1102 4320 1165 4401 fac
1183 4339 1256 4382 cnm
1275 4338 1368 4381 seruo
1386 4327 1440 4380 tuo
1453 4316 1626 4381 secundum

444 4484 450 4496 .
632 4484 638 4495 .
900 4486 908 4511 ι
1023 4484 1031 4506 ,

314 4483 326 4583 i
342 4484 887 4627 lheeisillschloeihlipliiriirihlnihchffih’nsffi
896 4495 1020 4610 thihllsl,
1033 4547 1154 4613 although
1167 4563 1237 4596 room
1248 4545 1295 4623 hes
1306 4546 1370 4596 been
1381 4545 1425 4595 leh
1437 4544 1475 4594 lor
1485 4559 1542 4595 one.

314 4616 326 4649 ⁸
341 4616 398 4667 The
414 4616 485 4666 three
500 4615 624 4666 itaticned
641 4615 733 4675 words,
744 4616 863 4666 removed
880 4616 913 4681 by
928 4630 1027 4665 erasure
1044 4612 1108 4663 from
1126 4613 1169 4662 the
1185 4612 1238 4662 first
1256 4613 1307 4661 hne
1323 4610 1353 4661 ol
1365 4609 1410 4661 tol.
1441 4625 1467 4668 o.
1482 4610 1547 4661 have
1563 4609 1628 4660 been

268 4682 277 4732 l
328 4683 360 4733 ed
371 4681 413 4747 by,
426 4682 439 4731 1
451 4681 533 4738 think.
545 4680 588 4730 the
599 4680 682 4730 writer
693 4680 773 4731 nithe
784 4681 900 4732 intruded
912 4682 1018 4748 officium
1031 4679 1112 4729 below
1124 4679 1167 4728 the
1178 4676 1370 4752 twentiethtline
1380 4675 1410 4725 ot
1419 4625 1462 4726 hl.
1476 4675 1509 4741 69
1518 4691 1542 4725 v.
1556 4740 1562 4752 ,

342 4747 398 4797 The
416 4747 470 4798 title
488 4745 518 4795 ol
534 4745 586 4796 this
603 4746 709 4811 offim'um
728 4746 750 4796 is
769 4762 803 4796 on
823 4745 867 4797 sol.
886 4760 925 4810 70,
942 4747 988 4795 bnt
1007 4745 1090 4795 above
1109 4742 1152 4794 the
1171 4743 1277 4808 original
1295 4742 1339 4791 lm.
1362 4756 1384 4791 1.
1417 4740 1474 4790 The
1496 4741 1579 4790 rubnc
1601 4739 1630 4789 ol

268 4813 310 4864 the
331 4812 418 4863 erased
441 4810 542 4862 Prenee
564 4826 615 4861 nes
636 4819 662 4861 at
686 4811 729 4862 the
749 4812 799 4862 end
821 4812 851 4862 ol
869 4811 914 4861 lin.
938 4826 959 4871 t,
977 4812 1027 4861 end
1051 4819 1131 4860 traces
1152 4808 1182 4859 ol
1200 4809 1219 4859 it
1242 4807 1347 4869 semein,
1366 4806 1440 4858 while
1459 4806 1503 4857 the
1526 4804 1628 4856 Prelnce

268 4878 336 4929 filled
348 4878 390 4929 the
402 4886 460 4928 next
473 4877 522 4927 five
532 4876 604 4927 lines·
637 4876 715 4927 Cross
724 4877 775 4926 and
787 4876 866 4927 initiel
877 4893 906 4927 ns
916 4876 994 4927 moal.

315 4944 327 4976 ⁸
344 4944 365 4993 Β
391 4942 490 4993 clerieo!
501 4957 577 5002 error,
591 4957 618 4990 ss
628 4941 648 4992 it
659 4941 743 4991 would
754 4958 830 5004 seem,
843 4942 883 4992 tor
895 4939 1041 4992 ‘.xtt1111.’

315 5008 327 5040 ⁸
379 5007 476 5073 though
487 5006 556 5057 there
567 5007 589 5055 is
600 5022 671 5056 room
682 5006 721 5056 lor
730 5022 764 5056 un
774 5007 959 5073 antiphonatim
970 5006 1116 5067 indimtlom
1130 5021 1197 5055 none
1207 5005 1253 5054 has
1264 5005 1328 5054 been
1339 5003 1463 5068 supplied.
1680 5044 1684 5049 ,

316 5072 327 5107 ⁷
344 5074 405 5189 1⁸⁹1AE
417 5072 505 5123 erased
520 5072 592 5133 lines,
607 5085 639 5135 7⁰
650 5071 771 5137 (rol—70
777 5089 802 5122 u.
815 5076 861 5134 (ι),
873 5073 948 5123 melre
964 5088 1018 5137 way
1034 5071 1072 5121 lor
1086 5071 1130 5121 the
1146 5071 1275 5133 following
1288 5069 1403 5134 officium.
1439 5068 1545 5118 Neither
1558 5082 1628 5123 cross

267 5155 314 5190 nor
324 5138 378 5189 init'
416 5139 536 5189 turnines.
