4109 6275
598 761 688 811 'PRO
712 729 876 812 msiaiio
900 760 942 811 iu
966 759 1113 813 acorum
1136 760 1275 813 POSITO.
1565 762 1623 828 147

265 940 365 1004 batur
380 940 510 1022 magnis
529 939 692 1019 {liebribus
708 948 764 1004 :et
781 960 918 1021 rogaue·
970 937 1086 1001 famuli
1110 939 1158 1002 tui
1175 987 1182 1001 .
1198 938 1255 1020 qui
1279 939 1312 1001 in
1335 958 1472 1021 corpore
1499 937 1625 1020 patitur

266 1037 342 1091 runt
361 1026 453 1090 illum
475 1048 536 1109 pro
557 1028 682 1091 ea.Et
703 1038 796 1091 stans
819 1047 918 1109 super
971 1025 1197 1088 membrorum
1228 1025 1437 1088 debilitatem
1454 1073 1461 1087 .
1478 1026 1546 1088 uim
1578 1025 1624 1087 la-

266 1115 357 1178 illam
388 1114 564 1195 imperauit
596 1114 679 1178 febri
698 1138 705 1178 :
726 1122 760 1178 et
790 1114 919 1177 dimisit
971 1112 1059 1175 boris
1082 1161 1089 1175 .
1112 1112 1265 1175 stimulos
1296 1112 1557 1175 infirmitatum.
1581 1113 1625 1176 da

266 1201 356 1264 illam
374 1252 381 1264 .
398 1201 443 1264 Et
458 1203 619 1265 continuo
631 1221 770 1284 surgens
785 1225 791 1265 :
805 1201 917 1264 minis·
971 1200 1001 1262 ei
1020 1199 1157 1262 domine
1172 1201 1314 1281 gratiam
1330 1209 1423 1262 tuam
1441 1199 1526 1263 utin
1543 1198 1626 1262 hora

264 1289 375 1352 trabat
399 1288 587 1354 illis.Cum
614 1289 665 1352 sol
692 1300 804 1352 autem
833 1288 919 1352 occi·
970 1287 1085 1349 exitus
1116 1287 1204 1349 illius
1234 1288 1277 1349 de
1310 1306 1476 1368 corpore.
1498 1285 1626 1369 absque

265 1376 368 1440 disset
387 1400 394 1439 ε
413 1396 530 1439 omnes
567 1378 622 1458 qui
661 1376 832 1440 habebant
870 1377 918 1438 in·
970 1374 1100 1455 peccati
1125 1373 1256 1437 macula
1276 1374 1336 1436 tibi
1358 1374 1467 1436 datori
1491 1373 1625 1455 proprio

265 1464 380 1527 firmos
396 1465 496 1527 uariis
517 1462 733 1547 languoribus
751 1463 919 1527 ducebant
970 1481 1030 1544 per
1061 1480 1179 1523 manus
1209 1471 1401 1524 sanctorum
1429 1460 1625 1542 angelorum

267 1551 341 1614 illos
378 1551 421 1614 ad
460 1571 537 1614 eum
560 1601 567 1615 .
591 1551 641 1615 At
683 1552 737 1614 ille
780 1549 919 1634 singulis
970 1548 1042 1611 eius
1064 1549 1178 1611 anima
1196 1547 1414 1631 representari
1435 1557 1626 1610 mereatur:

266 1659 385 1702 manus
415 1639 591 1722 imponens
610 1638 771 1703 :curabat
801 1659 867 1703 eos.

268 1800 509 1853 Oiuuuuoniuiu.
544 1800 735 1871 Deprofundis
747 1799 869 1854 clamaui
882 1800 919 1854 ad

556 1883 592 1926 te.

513 1996 677 2046 SEORETA.

344 2099 413 2149 EUS
428 2087 521 2148 cuius
534 2085 671 2148 nutibus
684 2085 773 2148 uitae
785 2093 919 2147 nostrae

365 2182 537 2236 momenta
570 2173 772 2236 decurrunt.
789 2171 919 2252 suscipe

268 2260 429 2344 propitius
453 2280 567 2343 preces
589 2270 624 2324 et
650 2259 776 2322 hostias
804 2257 918 2321 famuli

268 2348 316 2411 tui
333 2398 339 2412 .
355 2368 416 2431 pro
438 2368 506 2431 quo
528 2343 804 2411 misericordiam¹
826 2355 919 2410 tuam

268 2436 433 2517 egrotanti
453 2435 694 2517 imploramus.
711 2443 748 2496 ut
768 2434 811 2497 de
826 2434 920 2497 cuius

267 2523 414 2605 periculo
437 2525 617 2586 metuimus
633 2572 640 2586 .
655 2523 698 2586 de
718 2521 788 2584 eius
812 2520 920 2583 salute

268 2609 432 2674 letemur.
448 2617 528 2694 per²¹

413 2786 599 2840 Coiiiruum.
639 2783 778 2837 illumina.

446 2909 744 2960 ΡοετοοΜΜυΝιο.

276 3011 414 3146 Diuus
439 2995 640 3059 infirmitatis
665 2994 831 3056 humanae
856 2993 921 3055 sin-

365 3084 480 3168 gulare
496 3082 698 3167 praesidium
715 3129 722 3144 .
739 3080 855 3144 auxilii
872 3088 921 3143 tui

268 3193 368 3255 super
397 3171 565 3236 infirmum
596 3180 746 3234 nostrum
782 3168 922 3231 ostende

269 3261 427 3324 uirtutem
440 3310 447 3325 .
461 3269 498 3323 ut
510 3280 574 3341 ope
587 3257 831 3321 misericordiae
844 3265 921 3318 tuae

268 3348 402 3411 adiutus
426 3399 433 3410 .
457 3346 637 3410 aecclesiae
674 3355 752 3409 tuae
786 3354 922 3406 sanctae

269 3435 487 3519 representari
511 3442 699 3498 mereatur:
722 3436 802 3515 pert

273 3629 364 3689 PRO
403 3627 611 3688 ΙΝΡΙΒΜΟ
650 3627 695 3686 ΙΝ
733 3625 923 3686 ΑΟΟΝΙΑ

501 3711 694 3772 Posito.

375 3817 405 3875 Ᾰ.

970 1655 1037 1717 per.

1213 1746 1387 1794 epistota,

975 1837 1176 1967 Tristatur
1190 1836 1317 1918 aliquis.

973 2033 1051 2100 Resp
1098 2032 1233 2088 Miserere
1257 2032 1326 2086 mihi
1352 2031 1467 2086 domine
1492 2031 1626 2101 quoniam

1007 2103 1142 2158 infirmus.
1167 2104 1238 2159 Vers
1271 2103 1447 2157 Conturbata
1456 2113 1521 2157 sunt
1531 2102 1627 2155 omnia

1007 2192 1080 2230 ossa
1106 2175 1235 2230 Alleluia.
1269 2175 1341 2230 Vers
1374 2174 1458 2228 Mitte
1467 2174 1492 2226 ei
1503 2172 1625 2226 domine.

1182 2324 1416 2377 [truncaturi.

1039 2434 1186 2515 Surgens
1203 2433 1299 2496 iesus.

1114 2581 1249 2634 OFFuRT.
1286 2577 1486 2649 Deprofundis

1220 2696 1386 2748 SEGRETA.

1031 2792 1128 2854 desto
1159 2789 1296 2853 domine
1326 2808 1387 2871 pro
1416 2796 1476 2850 tua
1502 2787 1628 2870 pietate

1068 2876 1367 2961 supplicationibus
1405 2874 1526 2937 nostris
1557 2924 1564 2938 .
1594 2883 1628 2936 et

974 2966 1105 3047 suscipe
1133 2966 1277 3027 hostiam
1305 2982 1406 3047 quam
1434 2961 1494 3026 tibi
1520 2959 1627 3024 offeri-

913 3078 920 3092 ·
976 3074 1050 3116 mus
1083 3073 1143 3136 pro
1180 3050 1306 3114 famulo
1341 3058 1400 3112 tuo
1436 3049 1556 3111 iacenti
1594 3049 1628 3110 in

974 3141 1115 3223 grabato
1131 3189 1138 3203 .
1154 3139 1296 3202 salutem
1328 3157 1394 3200 non
1422 3136 1530 3199 solum
1555 3154 1626 3198 cor-

974 3228 1065 3310 poris
1086 3228 1144 3290 sed
1166 3235 1200 3289 et
1218 3227 1350 3289 animae
1372 3243 1453 3287 suae
1476 3222 1627 3305 petenti.

975 3324 1108 3398 praesta
1138 3313 1168 3377 ei
1201 3311 1414 3394 omnipotens
1447 3312 1546 3389 fideus
1579 3311 1628 3372 in-

974 3401 1183 3485 dulgentiam
1225 3400 1375 3462 omnium
1414 3398 1627 3480 iniquitatum

975 3509 1109 3554 suarum
1126 3496 1263 3572 propter
1283 3488 1482 3549 immensam
1504 3484 1629 3547 miseri-

975 3577 1124 3641 cordiam
1155 3584 1325 3640 tuam.ut
1355 3594 1415 3656 per
1443 3572 1507 3635 hoc
1537 3572 1628 3653 quod

975 3666 1118 3729 sustinet
1133 3661 1301 3745 flagellum
1314 3711 1320 3724 .
1334 3682 1353 3725 a
1365 3660 1489 3723 sanctis
1501 3658 1629 3741 angelis

976 3755 1046 3817 eius
1056 3752 1168 3815 anima
1180 3759 1335 3831 suscepta
1345 3798 1352 3811 .
1363 3748 1404 3811 ad
1418 3757 1496 3811 tuae
1505 3745 1630 3829 gloriae

976 3858 1116 3921 regnum
1133 3838 1305 3920 peruenire
1321 3844 1486 3898 mereatur
1505 3856 1512 3896 :
1528 3853 1593 3915 per.

520 3928 672 3984 lOlilll'lO.

345 4024 579 4086 ΜΝΙΡΟΤΕΝΕΒ4
608 4017 810 4099 sempiterne
840 4018 923 4078 deus
977 4006 1048 4057 Com
1079 3999 1198 4055 Redime
1211 4015 1257 4053 me
1270 3998 1339 4079 deus
1352 3997 1434 4081 israel
1447 4014 1482 4051 ex
1498 3996 1630 4050 omnibus

365 4116 579 4173 conseruator
601 4155 608 4168 .
632 4104 818 4168 animarum
837 4153 843 4166 .
865 4103 922 4185 qui
1186 4079 1325 4137 angustiis
1344 4085 1422 4123 mers·

269 4218 355 4281 quos
370 4195 483 4277 diligis
498 4192 652 4275 corripis.
663 4202 697 4256 et
708 4211 793 4273 quos
805 4190 923 4272 recipis

270 4284 325 4368 pie
355 4285 396 4348 ad
423 4280 692 4346 emendationem
719 4298 874 4341 coerces.
891 4286 924 4339 te
978 4286 1145 4418 Gratias
1174 4284 1234 4347 tibi
1261 4285 1392 4366 agimus
1419 4282 1555 4345 domine
1582 4302 1631 4344 se.

271 4373 465 4435 ³¹¹¹¹0⁰³¹¹¹⁰⁵
495 4368 631 4432 ‘lmine
656 4415 663 4430 ·
688 4374 725 4429 ut
758 4364 923 4428 medelam
1066 4371 1143 4435 recti
1161 4370 1402 4453 multiplicibus
1421 4369 1631 4450 largitatibus

271 4469 363 4523 tuam
385 4457 533 4521 conferre
553 4454 700 4538 digneris
721 4453 754 4515 in
776 4453 923 4515 animam
976 4461 1044 4523 tuis
1066 4511 1072 4522 ,
1096 4459 1217 4541 quibus
1254 4459 1384 4521 animas
1418 4458 1451 4519 in
1487 4465 1522 4519 te
1557 4477 1632 4539 spe·

401 4600 410 4653 ΙΙ
419 4596 463 4646 iol.
478 4594 533 4645 161.
640 4591 703 4653 lfol.
718 4589 760 4640 161
770 4607 795 4640 v.
1237 4590 1247 4644 ΙΙ
1259 4584 1302 4634 iol
1319 4585 1372 4635 162.

1154 4201 1444 4251 postcommunio

321 4784 329 4816 ¹
348 4787 385 4849 By
396 4785 535 4835 correction
545 4783 610 4832 lrom
623 4778 841 4831 ‘misericordiae’

320 4850 331 4881 ²
347 4851 403 4901 The
417 4850 477 4899 final
490 4849 608 4914 syllables
623 4846 652 4896 ol
665 4846 780 4896 ‘famuli'
797 4845 847 4895 and
859 4846 865 4870 ‘
875 4843 925 4894 tui’
936 4859 979 4893 are
993 4841 1155 4893 surmounted
1170 4841 1203 4904 by
1215 4837 1270 4901 ‘is,'
1285 4837 1339 4900 ‘is,'
1351 4839 1402 4888 and
1414 4845 1479 4903 ‘quo
1489 4836 1495 4858 ’
1507 4838 1540 4901 by
1553 4836 1635 4897 ‘hus,'

271 4914 371 4968 ‘cuius'
382 4917 416 4980 by
430 4912 569 4981 ‘quorum’
580 4914 630 4963 and
642 4911 685 4962 the
696 4912 790 4962 second
800 4910 905 4975 syllable
917 4908 946 4959 oi
956 4911 963 4934 ‘
972 4906 1040 4958 eius'
1052 4907 1085 4971 by
1098 4904 1202 4957 ‘orum’

320 4982 331 5015 ³
347 4982 403 5031 The
414 4981 473 5030 final
485 4979 603 5044 syllables
614 4977 643 5027 ol
654 4979 661 5002 ‘
671 4975 810 5027 infirmum'
822 4977 872 5025 and
887 4972 1027 5024 ‘nostrum’
1040 4989 1082 5022 are
1093 4971 1254 5023 surmounted
1265 4970 1299 5034 by
1311 4968 1369 5019 ‘os’
1381 4969 1431 5019 and
1446 4966 1507 5026 ‘os’
1518 4968 1567 5018 and
1581 4967 1635 5017 that

271 5048 301 5099 oi
313 5054 320 5075 ‘
331 5045 445 5097 adiutus’
457 5046 490 5110 by
505 5044 548 5105 ‘i‚'
562 5044 713 5093 ‘mereatur'
726 5043 801 5108 being
813 5042 887 5091 made
897 5038 1052 5090 convertible
1063 5038 1117 5087 into
1131 5035 1297 5086 ‘mereantur'
1309 5036 1342 5100 by
1353 5051 1385 5085 an
1397 5034 1570 5084 interlineated
1584 5031 1636 5083 ‘u'

320 5112 331 5143 ⁴
349 5114 380 5162 In
392 5114 434 5163 the
445 5118 517 5161 outer
528 5110 626 5174 margin
637 5108 667 5158 oi
678 5109 721 5159 161
731 5124 757 5158 v.
770 5108 812 5159 the
823 5122 893 5157 same
904 5106 985 5163 marli,
997 5105 1047 5154 and
1059 5104 1180 5167 similarly
1192 5102 1290 5167 placed,
1301 5116 1329 5151 as
1339 5108 1366 5150 at
1380 5117 1426 5163 140
1434 5116 1459 5150 v.
1472 5097 1534 5164 (13).
