4109 6275
468 779 529 845 150

463 954 532 1018 nisi
567 952 845 1018 manducaueritis
884 974 1014 1016 carnem
1046 951 1122 1034 filii

460 1041 603 1106 leontinis
623 1051 654 1105 et
676 1041 820 1106 biberitis
836 1040 905 1104 cius
924 1040 1118 1123 sanguinem

462 1150 525 1192 non
550 1127 708 1192 babebitis
733 1128 839 1192 uitam
863 1128 898 1191 in
921 1127 1032 1192 uobis.
1052 1125 1121 1205 Qui

463 1217 640 1280 maducat
676 1237 780 1279 meam
813 1236 942 1279 carnem
978 1224 1009 1278 et
1040 1213 1121 1280 bibit

463 1325 568 1368 orcum
590 1304 783 1386 sanguinem
803 1302 896 1367 babet
915 1302 1021 1366 uitam
1039 1312 1118 1365 eter-

462 1412 540 1454 nam
563 1401 596 1455 et
616 1412 671 1474 ego
694 1389 885 1454 resuscitabo
908 1410 981 1453 eum
1006 1390 1041 1453 in
1064 1410 1117 1453 no-

462 1478 599 1543 uissimo
620 1478 680 1543 dr’c.

595 1631 777 1693 Stertinium
803 1630 986 1691 Iohannem.

461 1740 537 1869 ln
575 1740 631 1804 illo
668 1751 804 1823 tempore
833 1739 932 1804 Dicit
966 1739 1119 1803 dominus

528 1828 612 1892 r‘csus
649 1829 754 1893 turbis
793 1827 959 1892 iudeomm
987 1878 994 1891 .
1023 1826 1119 1892 Sicut

454 1912 566 1998 parer]

650 2059 711 2132 ΙΙ[Α
731 2062 817 2117 nau
828 2061 925 2134 bare-l

463 2252 642 2339 leternum
658 2315 665 2328 .
681 2255 813 2330 Credis
832 2255 929 2330 hoc?
958 2255 1025 2329 Ait
1044 2255 1113 2329 illi.

462 2357 600 2453 Vtique
634 2357 819 2431 domine.
853 2356 939 2455 Ego
976 2356 1115 2430 credidi

461 2458 548 2555 quia
575 2476 615 2533 tu
641 2485 683 2532 es
708 2458 868 2532 christus
900 2457 995 2531 filius
1026 2458 1114 2532 dei:

461 2559 524 2655 qui
544 2560 580 2632 in
599 2559 696 2633 hunc
716 2559 894 2633 mundum
914 2559 1058 2633 uenisti.

688 2721 893 2795 Secretum.

462 2847 642 3012 Adesto
666 2847 817 2921 domine
840 2846 1115 2945 supplicationi-

573 2949 642 3022 bus
660 2948 796 3023 nostris
814 2967 852 3022 et
870 2949 966 3022 hanc
986 2946 1117 3022 oblati·

461 3075 573 3124 onem
604 3076 715 3149 quam
747 3051 814 3124 tibi
845 3049 1036 3124 offerimus
1066 3049 1116 3123 ob

461 3151 560 3227 diem
602 3152 846 3249 depositionis
882 3178 951 3249 pro
992 3152 1116 3225 anima

461 3253 586 3327 samuli
619 3255 670 3328 tui
703 3278 752 3327 .Ν.
788 3253 953 3351 placidus
982 3278 1025 3327 ac
1054 3253 1114 3327 be-

461 3354 597 3454 nignus
614 3381 763 3429 assume
785 3383 792 3428 z
812 3380 879 3451 per
895 3354 1099 3429 dominum.

633 3521 942 3593 Postcommunio

467 3649 547 3808 O
557 3645 768 3742 mnipotens
782 3647 1008 3742 sempiterne
1022 3646 1116 3719 deus

578 3745 759 3821 collocare
773 3746 810 3819 di
840 3747 938 3820 neris
953 3748 1116 3820 animam

460 3865 497 3920 et
522 3848 692 3946 spiritum
718 3774 843 3922 samnii
866 3849 919 3922 tui
943 3873 991 3921 ‚ru
1011 3849 1116 3922 cuius

459 3947 559 4022 diem
599 3949 845 4047 depositionis
884 3949 1115 4024 celebramus

461 4052 497 4122 in
533 4051 676 4124 sinibus
710 4051 885 4126 abrahe.
915 4052 1047 4124 isaac.
1077 4070 1115 4125 et

460 4152 592 4225 iacob.
614 4168 655 4226 ut
685 4179 769 4226 cum
801 4151 882 4225 dies
912 4152 1114 4250 agnitionis

460 4269 522 4326 tue
558 4254 733 4328 uenerit.
763 4254 858 4327 inter
892 4270 1043 4327 sanctos
1077 4270 1116 4328 et

459 4352 598 4428 eleetos
642 4371 727 4429 tuos
771 4381 856 4429 eum
904 4356 1113 4429 resuscitari

459 4456 677 4553 precipias.
707 4482 782 4553 per.

573 4619 635 4690 Ad
655 4619 998 4694 thessalonicenses.

468 4744 687 4906 Fratres:
709 4743 896 4818 Nolumus
922 4770 989 4818 uos
1008 4744 1113 4842 igno-

565 4870 647 4919 rare
681 4844 729 4918 de
763 4845 1036 4919 dormientibus
1073 4862 1114 4918 ut

458 4970 532 5019 non
551 4946 820 5020 contristemini
839 4947 934 5020 sicut
948 4964 986 5020 et
999 4946 1112 5021 ceteri

570 5129 580 5181 ΙΙ
592 5122 634 5173 fol.
651 5123 721 5189 163&
826 5123 996 5187 liol.163‘v.

987 777 1060 827 PRO
1084 773 1307 825 DEFUNCTIS.

1170 951 1233 1048 qui
1252 976 1360 1048 spem
1379 976 1453 1025 non
1473 950 1638 1025 habent.
1661 951 1703 1024 Si
1725 951 1824 1024 enim

1170 1052 1355 1127 credimus
1391 1053 1492 1149 quod
1529 1053 1628 1126 iesus
1659 1073 1826 1126 mortuus

1171 1170 1229 1228 est
1263 1170 1302 1228 et
1332 1154 1534 1228 resurrexit
1554 1182 1562 1227 :
1582 1154 1633 1226 ita
1664 1170 1703 1227 et
1732 1152 1825 1226 deus
1852 1207 1856 1213 -

1170 1282 1235 1329 eos
1262 1256 1327 1352 qui
1354 1254 1586 1329 dormierunt
1612 1280 1678 1352 per
1706 1254 1825 1328 iesum

1170 1356 1331 1430 adducet
1365 1380 1450 1429 cum
1485 1382 1565 1431 eo.
1600 1356 1686 1429 Hoc
1724 1355 1825 1429 enim

1170 1458 1278 1532 uobis
1300 1457 1458 1531 dicimus
1482 1458 1518 1529 in
1542 1458 1659 1530 uerbo
1683 1456 1824 1530 domini

1169 1559 1257 1656 quia
1288 1583 1355 1633 nos
1386 1559 1450 1655 qui
1483 1558 1644 1632 uiuimus
1674 1559 1737 1654 qui
1770 1584 1825 1631 re·

1170 1660 1265 1734 sidui
1284 1686 1413 1734 sumus
1432 1659 1469 1732 in
1492 1659 1658 1734 aduentu
1682 1658 1824 1733 domini

1170 1788 1244 1837 non
1272 1761 1533 1859 preueniemus
1558 1787 1624 1836 eos
1650 1760 1713 1858 qui
1741 1760 1824 1835 dor-

1170 1864 1329 1937 mierunt
1348 1921 1355 1935 .
1377 1861 1566 1957 Quoniam
1597 1863 1676 1960 ipse
1707 1861 1826 1937 domi·

1169 1990 1239 2039 nus
1267 1965 1303 2038 in
1332 1965 1433 2037 iussu
1464 1981 1503 2038 et
1533 1964 1570 2037 in
1600 1990 1693 2037 uoce
1721 1964 1824 2037 arch-

1169 2065 1291 2165 angeli
1311 2065 1404 2139 etin
1427 2065 1515 2139 tuba
1537 2064 1597 2139 dei
1620 2064 1826 2139 descendet

1169 2167 1216 2241 de
1260 2166 1340 2241 celo
1373 2224 1380 2239 .
1418 2166 1470 2240 Et
1513 2167 1648 2240 mortui
1684 2167 1747 2264 qui
1786 2167 1824 2239 in

1168 2268 1307 2343 christo
1342 2283 1430 2341 sunt
1459 2285 1654 2368 resurgent
1686 2268 1821 2365 primi.

1171 2369 1321 2444 Deinde
1357 2395 1426 2443 nos
1460 2370 1524 2466 qui
1560 2370 1721 2443 uiuimus
1759 2369 1824 2465 qui

1169 2470 1411 2569 relinquimur
1440 2470 1583 2544 :simul
1636 2471 1826 2569 rapiemur

1168 2599 1252 2646 cum
1289 2571 1358 2646 illis
1394 2571 1431 2644 in
1474 2573 1635 2647 nubibus
1672 2572 1824 2647 obuiam

1167 2673 1307 2748 christo
1338 2674 1374 2747 in
1404 2699 1492 2746 aera
1524 2691 1564 2748 et
1593 2675 1647 2747 sic
1675 2699 1825 2771 semper

1168 2802 1252 2850 cum
1305 2774 1459 2849 domino
1511 2775 1649 2850 erimus
1697 2775 1825 2872 itaque

1167 2876 1410 2952 consolamini
1442 2875 1601 2951 inuicem
1631 2878 1668 2951 in
1698 2877 1824 2950 uerbis

1168 2995 1256 3053 istis,

1268 3187 1483 3260 Secundum
1506 3190 1722 3266 Iohannem.

1222 3342 1247 3392 N
1271 3318 1333 3393 illo
1357 3339 1526 3418 tempore
1549 3350 1555 3394 :
1578 3321 1686 3396 Dixit
1703 3320 1821 3395 domi-

1177 3345 1207 3503 l
1246 3447 1315 3494 nus
1343 3422 1441 3495 iesus
1465 3422 1655 3520 discipulis
1681 3424 1757 3496 suis
1784 3440 1822 3496 et

1167 3522 1287 3616 turbis
1331 3522 1525 3597 iudeorum
1561 3581 1568 3597 .
1610 3524 1696 3623 Ego
1738 3550 1822 3598 sum

1168 3623 1275 3719 panis
1303 3625 1410 3698 uiuus
1431 3651 1439 3698 :
1457 3625 1521 3722 qui
1553 3624 1602 3699 de
1633 3624 1714 3700 celo
1738 3624 1822 3700 des·

1168 3723 1303 3798 cendi.
1324 3725 1451 3823 Siquis
1476 3727 1755 3801 manducauerit
1773 3754 1821 3801 ex

1168 3826 1238 3899 hoc
1265 3851 1364 3924 pane
1385 3828 1515 3901 :uiuet
1539 3826 1595 3911 llin
1622 3844 1821 3902 eternum:

1170 3926 1222 4000 Et
1246 3927 1353 4025 panis
1377 3955 1489 4026 quem
1516 3955 1589 4027 ego
1613 3929 1712 4003 dabo
1735 3955 1822 4004 caro

1168 4054 1252 4102 mea
1269 4045 1328 4103 est
1349 4055 1443 4127 :pro
1462 4030 1590 4103 mundi
1610 4030 1707 4104 uita.
1729 4030 1820 4104 Liti-

1166 4130 1308 4227 gabant
1326 4156 1418 4229 ergo
1441 4130 1539 4205 iudei
1562 4131 1637 4204 :ad
1662 4132 1822 4206 inuicem

1166 4230 1360 4305 dicentes.
1383 4232 1585 4328 Quomodo
1610 4249 1737 4330 potest
1761 4233 1821 4306 hic

1166 4358 1315 4406 carnem
1350 4358 1456 4406 suam
1493 4334 1601 4407 nobis
1642 4333 1731 4407 dare
1772 4334 1821 4407 ad

1167 4433 1494 4509 manducandum?
1532 4435 1639 4508 Dixit
1657 4461 1748 4535 ergo
1767 4436 1820 4510 eis

1167 4535 1291 4609 iesus.
1312 4536 1438 4609 Amen
1465 4562 1576 4610 amen
1600 4535 1684 4610 dico
1713 4536 1821 4612 uobis

1167 4635 1236 4708 nisi
1256 4636 1569 4713 manducaueritis
1587 4663 1736 4711 carnem
1755 4637 1819 4712 filii

1166 4735 1327 4810 hominis
1340 4753 1379 4811 et
1392 4738 1560 4812 biberitis
1574 4739 1654 4812 eius
1672 4739 1821 4838 sangui·

1166 4863 1252 4912 nem
1289 4865 1362 4913 non
1402 4839 1588 4913 habebitis
1626 4840 1741 4913 uitam
1783 4842 1819 4914 in

1166 4940 1307 5014 uobis,
1339 4940 1415 5035 Qui
1459 4941 1659 5014 manducat
1697 4966 1820 5015 meam

1418 5129 1427 5182 ΙΙ
1444 5124 1488 5175 fol.
1508 5124 1561 5189 164.
