4109 6275
779 808 819 856 no
846 806 997 858 1u1uu10
1020 844 1026 856 .
1052 791 1147 857 1111OR
1169 843 1176 856 .
1201 808 1420 858 Tenrosun.

679 983 815 1046 Secreta.
1344 982 1481 1041 ΡΕΒΙΑ
1495 983 1569 1042 .Vl.

498 1110 655 1175 ertocionis
666 1119 772 1174 nostre
787 1109 849 1174 tibi
862 1110 990 1174 domine
1004 1131 1077 1191 que·
1268 1112 1297 1168 Ᾰ.
1336 1107 1429 1178 Prope
1447 1117 1509 1162 esto
1527 1107 1649 1163 domine.

520 1219 634 1262 sumus
667 1197 773 1261 hostia
808 1197 931 1280 iugiter
964 1197 1077 1261 immo-
1386 1244 1524 1294 omo·

421 1288 520 1352 latur.
533 1307 593 1369 que
612 1295 643 1348 et
662 1285 751 1349 sacri
763 1295 905 1368 peragat
926 1284 1077 1348 instituta

421 1372 1000 1456 mysterir'.etsalutaretmtmnobis
1015 1372 1078 1435 mi·
1134 1343 1312 1470 Excffl
1355 1351 1584 1414 QUAESUMUS
1632 1352 1783 1403 DOMINE

422 1462 571 1525 rabiliter
590 1469 752 1543 operetur:
782 1459 855 1524 Per.
894 1483 1073 1523 communia
1184 1511 1203 1525 „
1227 1438 1444 1526 PossuNTIAM
1464 1435 1575 1526 'tuam
1611 1435 1646 1489 et
1683 1428 1781 1490 ueni.

886 1546 1028 1610 rtamim·
1047 1556 1079 1609 et
1126 1519 1164 1574 ut
1182 1530 1202 1573 11
1225 1532 1281 1595 qur
1304 1532 1337 1575 m
1359 1522 1417 1577 tua
1438 1522 1565 1596 pretate
1585 1513 1781 1578 confidunt.

1065 1642 1079 1695 t
1126 1599 1170 1661 ab
1199 1599 1291 1662 omni
1314 1599 1419 1702 ‘citius
1449 1601 1654 1665 aduersitate
1684 1602 1782 1664 liber-

1125 1694 1224 1749 entur
1242 1710 1249 1749 :
1265 1707 1321 1770 qur
1339 1688 1433 1751 uiuis.

421 1548 531 1612 Dicite
543 1547 773 1631 pusillanimes
794 1545 885 1628 conso

422 1637 518 1699 nolite
534 1636 666 1698 timere.
683 1655 745 1698 occe
758 1632 837 1697 deus
851 1644 959 1697 noster
973 1634 1064 1696 iconie

421 1734 452 1786 ct
465 1722 609 1786 saluabit
622 1742 685 1785 nos.

1374 1835 1536 1882 §renero

1162 1937 1295 2001 )raesta
1327 1928 1465 1992 domine
1502 1949 1705 2012 quaesumus
1721 1980 1728 1996 .
1744 1941 1781 1994 ut

1221 2015 1333 2079 dicato
1369 2036 1505 2080 munere
1541 2029 1779 2099 congruentem

1126 2112 1259 2166 nostrae
1288 2104 1478 2168 deuotionis
1509 2106 1571 2169 tibi
1601 2106 1781 2169 offeramus

1125 2189 1281 2254 effectum
1295 2242 1301 2256 .
1314 2212 1379 2275 per.

648 1881 721 1948 post
735 1921 741 1931 .
757 1891 832 1931 com.

415 1983 670 2114 lMploramus
709 1982 837 2046 domine
875 1982 1075 2045 clemenciam
1134 1936 1157 2063 l

501 2082 612 2134 mam:
649 2069 740 2133 uthcc
774 2070 892 2133 diuina
928 2069 1076 2133 subsidia

420 2179 442 2220 a
468 2158 564 2221 uzii'zo
584 2158 724 2241 erpiatos
738 2207 745 2221 .
761 2158 809 2220 ad
822 2159 915 2240 festa
937 2166 1075 2220 uentura

421 2266 478 2309 nos
483 2256 664 2328 preparent.
710 2244 785 2309 Per.

437 2344 536 2406 Furio
560 2331 644 2408 llll‘.
661 2345 805 2427 officiunt.
872 2330 996 2396 Romu
1009 2331 1076 2395 celi·
1304 2339 1601 2387 ΡΟὸΤθΟΜΜυΝΙΟ»

1194 2423 1227 2487 ui
1254 2443 1316 2487 nos
1348 2424 1485 2489 domine
1515 2426 1713 2490 sacramenti
1743 2426 1781 2491 li·

675 2493 813 2543 Oflfflo·
1223 2511 1316 2575 batio
1345 2523 1461 2577 sancta
1490 2521 1655 2578 restauret
1670 2564 1677 2577 .
1692 2524 1727 2578 et
1760 2535 1780 2579 a

482 2597 626 2649 RAESTA
652 2597 882 2661 QUAESUMUS
912 2596 1075 2648 0MN1P0·
1126 2608 1292 2662 uetustate
1303 2600 1522 2683 purgatosin
1534 2602 1683 2685 mysterii
1692 2601 1779 2665 salu-

516 2685 613 2736 TENS
636 2686 733 2737 DEUS
749 2695 756 2734 ³
773 2680 810 2736 Ut
833 2670 1075 2754 redeml’thsslS
1124 2686 1204 2749 taris
1235 2686 1335 2750 iaciat
1368 2687 1508 2751 transire
1542 2688 1746 2752 consortium
1773 2710 1781 2752 :

421 2770 555 2824 nostrae
571 2768 713 2823 uentura
724 2758 923 2823 solennitas.
934 2769 968 2823 et
980 2779 1074 2841 prae·
1124 2793 1192 2856 per,

420 2847 523 2911 sentis
535 2845 632 2910 nobis
645 2847 735 2910 uitae
746 2846 896 2910 subsidia
907 2846 1073 2909 conferat.
1334 2888 1571 2951 SABINO·

419 2945 454 2998 et
483 2943 640 2998 aeternae
673 2932 891 2997 beatitudinis
924 2933 1075 3017 praemia
1366 3000 1372 3012 .
1636 3003 1642 3015 .

420 3022 598 3104 largiatur,
612 3041 679 3103 pes,
1229 2995 1257 3053 Ᾰ.
1300 3002 1373 3059 Vem
1392 3010 1421 3058 et
1439 3003 1558 3058 ostende
1576 3003 1666 3058 nobrs.

1382 3120 1520 3172 ΟΗΑΤΙΟ.

674 3184 812 3233 ΟΗΑΤΙΟ-
1199 3227 1269 3280 eos
1299 3227 1367 3293 our
1400 3228 1591 3283 consorcrs
1624 3219 1703 3301 quia
1733 3239 1779 3282 ex

423 3276 592 3410 Festina
621 3294 825 3377 quffesumUS
859 3275 997 3378 §iflmlsse
1031 3295 1075 3377 ΠΡ
1130 3223 1193 3350 D
1220 3310 1333 3366 nostra
1349 3304 1480 3367 actione
1495 3303 1780 3388 affligimur.con·

516 3364 767 3427 tardanenset
789 3363 952 3427 auxilium
977 3364 1074 3428 nobrs
1123 3391 1205 3453 cede
1235 3391 1399 3473 propitius
1429 3413 1436 3453 :
1467 3400 1504 3456 ut
1533 3412 1578 3456 ex
1608 3401 1666 3459 tua
1701 3395 1779 3458 uisi.

418 3471 583 3534 supernae
605 3450 738 3513 uirtutis
760 3451 936 3533 impende.
951 3460 988 3514 ut
1014 3452 1074 3514 ad·
1123 3477 1252 3542 tatione
1267 3476 1478 3543 consolemur
1492 3529 1499 3542 ι
1515 3480 1572 3562 qui
1589 3480 1646 3543 ui,

419 3548 540 3602 uentus
574 3539 622 3601 tui
653 3537 938 3602 consolationibus
976 3537 1073 3622 {isub-

418 3625 668 3707 leuentur.qui
695 3624 728 3687 in
756 3635 815 3690 tua
841 3626 968 3708 pietate
994 3646 1073 3690 con·
1381 3621 1518 3670 ΟΗΑΤΙΟ-

419 3712 528 3777 fidunt
542 3712 618 3795 :qui
635 3711 729 3777 uiuis.
1124 3703 1314 3843 Concede
1339 3725 1541 3788 quaesumus
1565 3706 1780 3792 omnipotens

1217 3791 1320 3858 deus.
1333 3800 1370 3857 ut
1389 3792 1446 3876 qui
1467 3794 1530 3858 sub
1550 3798 1679 3878 peccati
1700 3796 1779 3881 iugo

658 3879 820 3930 SE(iflfflb
1124 3898 1169 3941 ex
1215 3888 1348 3943 uetusta
1392 3878 1576 3963 seruiltute
1623 3883 1780 3967 deprimi·

417 3981 606 4107 Accepta
632 3973 693 4038 tibi
719 3974 787 4039 sint
813 3974 949 4037 domine
972 3994 1074 4057 quae.
1125 3986 1200 4029 mur
1214 4017 1221 4030 .
1237 3975 1418 4049 expectata
1447 3968 1612 4051 unigeniti
1639 3969 1698 4034 filii
1728 3974 1778 4035 tui

527 4081 642 4125 sumus
669 4070 782 4125 nostra
809 4081 947 4125 munera
963 4112 969 4126 ,
985 4082 1073 4145 quae
1124 4073 1212 4117 noua
1228 4054 1405 4120 natiuitate
1421 4055 1599 4120 liberemur
1611 4078 1619 4122 τ
1631 4071 1690 4141 per
1704 4079 1779 4124 eun.

418 4157 452 4213 et
470 4150 643 4231 expiando
663 4168 725 4211 nos
745 4157 804 4213 tua
824 4150 932 4233 gratia
952 4150 1073 4233 dignos
1407 4198 1481 4244 ΑΗΑ

417 4236 628 4301 efficiant.et
638 4237 681 4300 ad
693 4235 896 4319 sempiterna
909 4238 1073 4319 promissa
1128 4283 1152 4409 Ι
1484 4235 1488 4245 ’

415 4323 602 4407 perducant
617 4372 624 4387 α
641 4343 708 4407 per·
1164 4279 1309 4364 ndignos
1331 4301 1393 4344 nos
1415 4302 1619 4366 quaesomus
1642 4285 1778 4350 domine

1195 4367 1338 4433 famulos
1353 4378 1430 4433 tuos
1445 4390 1530 4453 quos
1546 4371 1688 4437 actionis
1703 4395 1778 4458 pro-

591 4478 888 4529 ΡοετοοΜΜυΝιο,
1123 4456 1215 4538 priae
1226 4455 1326 4539 culpa
1337 4457 1531 4522 contristat.
1542 4460 1705 4542 unigeniti
1718 4460 1777 4526 filii

469 4577 606 4642 alutaris
620 4576 669 4641 tui
685 4576 821 4640 domine
840 4595 976 4640 munere
995 4577 1074 4641 sati,
1122 4543 1171 4607 tui
1187 4544 1336 4608 aduentu
1352 4542 1512 4609 laetifica.
1524 4547 1581 4629 qui
1597 4546 1705 4611 uiuis¹.

413 4579 459 4711 S
497 4665 545 4730 ati
574 4663 741 4748 supplices
771 4663 1016 4747 deprecamur.
1037 4672 1074 4727 ut
1408 4675 1489 4725 ntro.

416 4752 511 4816 cuius
534 4752 699 4815 laetamur
720 4761 819 4834 gustu
844 4800 850 4814 .
875 4770 1074 4814 renouemur
1186 4779 1293 4834 mesta
1326 4791 1528 4853 quaesumus
1563 4775 1778 4858 omnipotens

417 4839 536 4903 effectu
556 4862 563 4900 :
579 4859 644 4921 per.
926 4889 929 4895 -
1206 4856 1289 4920 deus
1302 4881 1309 4921 ε
1322 4867 1360 4923 ut
1375 4858 1433 4922 filii
1449 4861 1498 4923 tui
1514 4871 1655 4926 uentura
1670 4862 1778 4926 solen·

695 4996 705 5051 ΙΙ
716 4991 760 5041 iol.
772 5006 796 5057 9.
1387 4994 1449 5056 liol.
1461 5010 1511 5063 9o.

465 5169 475 5201 ¹
493 5171 562 5219 Here
573 5170 616 5219 the
627 5170 718 5218 reviset
730 5170 762 5233 by
773 5186 789 5218 a
799 5169 955 5219 catch-mark
967 5170 1043 5219 refers
1055 5187 1083 5220 us
1095 5179 1122 5220 to
1133 5171 1171 5219 his
1183 5172 1305 5236 marginal
1318 5174 1465 5234 correction,
1480 5174 1547 5237 ‘Qui
1559 5182 1640 5223 tecum
1652 5174 1732 5225 uiuit!
