4109 6275
598 796 789 848 DOMINICA
814 796 932 845 PRIMA
955 795 1046 845 POST
1069 796 1317 848 ΕΡΙΡΗΑΝΙΑΜ.
1602 800 1639 864 17

279 975 413 1059 bramus
443 976 575 1041 officio.
592 977 785 1061 purificatae
811 978 934 1044 mentis

279 1062 500 1146 intelligentia
514 1085 759 1149 consequamur
773 1115 781 1131 .
797 1087 864 1149 per.

288 1274 538 1335 DOlllllNlCll
563 1320 570 1334 .
597 1275 604 1334 l
631 1321 638 1334 .
664 1274 790 1335 POST
828 1275 915 1334 ΕΡΙ-

484 1358 720 1418 ΡΗΑΝΙΑΜ.

411 1483 440 1538 Ᾰ.
484 1490 517 1541 ln
535 1490 663 1545 exscelso
680 1489 792 1544 throno.

533 1597 670 1644 ΟΗΑΤΙΟ.

358 1717 433 1766 ΟΤΑ
445 1717 674 1780 QUAESUMUS
686 1719 838 1769 DOMlNE
850 1718 933 1769 SUP-

395 1804 594 1856 PLICANTIS
636 1792 752 1875 populi
797 1791 933 1856 caelesti

280 1878 405 1960 pietate
445 1899 674 1963 prosequere.
698 1888 735 1943 ut
775 1887 810 1942 et
846 1900 933 1962 quae

279 1966 408 2047 agenda
440 1977 518 2029 sunt
549 1967 712 2030 uideant.
733 1974 768 2029 et
797 1965 840 2029 ad
872 1967 932 2030 irn-

280 2052 403 2134 plenda
417 2073 504 2135 quae
521 2054 663 2117 uiderint
678 2052 931 2118 conualescant.

279 2161 345 2223 per.

520 2259 682 2306 secusia.

353 2375 481 2438 blatum
495 2376 555 2438 tibi
568 2376 704 2439 domine
716 2377 931 2442 sacrificium.

376 2462 521 2526 uiuificet
547 2483 607 2525 nos
630 2462 779 2546 llsemper
802 2476 835 2529 et
861 2486 931 2529 mu-

280 2549 350 2612 niat
366 2598 372 2612 .
389 2570 448 2631 per
462 2549 646 2613 dominum.

491 2683 713 2731 ΡΗΑΕΡΗΑΤΙΟ.

284 2806 347 2934 U
359 2802 432 2852 aaa
450 2802 604 2852 pronun
624 2803 803 2853 ansanus
819 2838 827 2854 .
843 2789 933 2874 Quia

379 2896 456 2939 cum
481 2877 671 2959 unigenitus
694 2887 771 2940 tuus
795 2877 827 2940 in
854 2878 931 2941 suls

278 2965 402 3027 stantia
432 2976 564 3027 nostrae
591 2964 804 3028 mortalitatis
829 2985 932 3046 appa·

280 3052 343 3114 ruit
364 3100 371 3114 .
396 3051 427 3113 in
460 3071 549 3114 noua
578 3072 640 3114 nos
670 3051 932 3114 immortalitatis

278 3160 357 3203 suae
374 3139 446 3203 luce
464 3140 638 3222 reparauit.
685 3140 729 3203 Et
745 3140 830 3202 ideo.

451 3277 749 3327 ΡΟΒΤΟΟΜΜΗΝΙΟ.

276 3371 481 3505 Supplices
495 3378 530 3433 te
546 3390 703 3453 rogamus
718 3372 931 3453 omnipotens

359 3460 458 3520 deus.
470 3467 505 3520 ut
521 3477 605 3538 quos
621 3459 687 3520 tuis
704 3456 810 3521 reficis
822 3479 930 3522 sacra-

280 3545 400 3607 mentis
418 3593 425 3608 .
446 3544 507 3607 tibi
537 3546 639 3608 etiam
671 3545 802 3628 placitis
832 3546 930 3608 mori·

280 3632 341 3694 bus
361 3632 539 3713 dignanter
556 3633 722 3695 deseruire
743 3635 930 3696 concedas.

279 3739 345 3801 per.

288 3924 332 3982 ΙΝ
365 3920 580 3983 ΟΟΤΑυΙΒ
613 3915 919 3979 ΕΡΙΡΗΑΝΙΑΕ.

496 4034 526 4091 Ᾰ.
569 4041 646 4094 Ecce
664 4040 709 4094 ad.

523 4157 677 4211 ΟΗΑΤΙΟῙ.

353 4278 422 4329 EUS
434 4277 547 4327 CUIUS
559 4276 683 4327 FILIUS
696 4275 932 4328 UNIGENlTUS

281 4285 312 4413 l
375 4365 415 4414 IN
433 4364 665 4416 SUBSTANTln
678 4361 811 4413 nostrae
822 4351 931 4412 carnis

279 4441 461 4521 apparuit.
485 4447 618 4520 praesta
654 4458 856 4520 quaesumus
894 4447 931 4500 ut

279 4547 337 4608 per
351 4546 428 4588 eum
449 4544 549 4608 quern
570 4525 712 4587 similem
735 4525 832 4588 nobis
853 4523 931 4587 loris

278 4614 500 4695 agnouimus.
517 4613 607 4675 intus
633 4610 803 4675 reformari
828 4632 931 4675 mere·

278 4720 373 4763 amur
389 4724 396 4763 ε
410 4700 468 4782 qui
484 4711 603 4763 tecum.

544 4855 554 4909 ΙΙ
567 4852 610 4902 sol.
629 4866 665 4917 17.

1226 991 1389 1040 ΒΕΟΗΕΤΑ.

1068 1076 1172 1140 ostias
1208 1075 1269 1139 tibi
1307 1075 1443 1139 domine
1476 1095 1536 1158 pro
1570 1075 1640 1138 nati

1097 1162 1155 1226 filii
1171 1164 1220 1228 tui
1236 1164 1446 1246 apparitione
1460 1161 1640 1226 deserimus

985 1248 1180 1333 suppliciter
1200 1259 1397 1315 exorantes.
1411 1258 1447 1313 ut
1468 1250 1553 1313 sicut
1568 1249 1640 1332 ipse

986 1345 1176 1401 nostrorum
1212 1347 1329 1402 auctor
1358 1346 1410 1401 est
1440 1356 1639 1400 munerum.

986 1424 1034 1487 ita
1049 1425 1093 1488 sit
1109 1425 1294 1489 misericors
1310 1433 1344 1489 et
1362 1432 1535 1505 susceptor
1553 1424 1640 1487 iesus

984 1511 1127 1576 christus
1142 1512 1298 1576 dominus
1314 1522 1434 1576 noster.

1159 1660 1456 1708 postcommunio.

1051 1756 1167 1821 aelesti
1198 1756 1323 1820 lumine
1352 1775 1554 1839 quaesumus
1580 1755 1638 1818 do·

1081 1845 1170 1908 mine
1199 1864 1332 1926 semper
1360 1852 1394 1907 et
1424 1842 1549 1925 ubique
1579 1861 1640 1904 nos

986 1932 1122 2014 preueni
1138 1981 1145 1994 .
1163 1940 1199 1996 ut
1229 1931 1424 2014 mysterium
1455 1931 1549 1994 cuius
1578 1947 1640 1992 nos

986 2019 1165 2102 participes
1202 2039 1275 2081 esse
1311 2016 1446 2081 uoluisti
1462 2065 1470 2081 .
1485 2025 1520 2079 et
1556 2035 1640 2099 puro

986 2125 1161 2170 cernamus
1177 2106 1298 2170 intuitu
1310 2154 1318 2168 .
1330 2114 1365 2169 et
1379 2104 1484 2186 digno
1499 2103 1639 2186 percipi·

985 2213 1082 2256 amus
1097 2191 1217 2258 effectu
1234 2242 1241 2256 .
1257 2212 1323 2275 per.

984 2396 1385 2458 DOMlNlCll'POS'l'
1403 2395 1633 2456 oossnuns

1154 2479 1466 2541 ΕΡΙΡΗΑΝΙΑΕ.

1045 2601 1073 2657 a,
1119 2587 1221 2642 Omnis
1240 2597 1314 2642 terra
1332 2588 1431 2642 adoret
1448 2597 1477 2642 te
1495 2587 1572 2641 deus.

1237 2731 1375 2780 ΟΗΑΤΙΟ.

1061 2822 1282 2873 MNIPOTENS

1082 2910 1180 2961 DEUS
1195 2946 1202 2960 .
1218 2909 1286 2972 QUI
1302 2909 1505 2960 CAELESTIA
1521 2908 1640 2959 SIMUL

985 2992 1018 3047 et
1057 2992 1187 3047 terrena
1225 2983 1407 3047 moderaris
1438 3032 1444 3046 .
1473 2980 1639 3065 supplica·

985 3071 1094 3133 tiones
1109 3070 1224 3155 populi
1241 3071 1289 3134 tui
1301 3069 1484 3134 clementer
1494 3069 1638 3133 exaudi.

984 3168 1019 3223 et
1053 3179 1170 3242 pacem
1207 3169 1299 3222 tuam
1336 3158 1458 3222 nostris
1492 3159 1639 3222 concede

984 3247 1214 3329 temporibus.
1231 3267 1298 3328 per.

1397 2820 1613 2873 SEMPITERN
1617 2821 1640 2870 E

1227 3396 1389 3445 secum.

1074 3503 1175 3545 unera
1205 3483 1342 3546 domine
1371 3482 1486 3545 oblata
1515 3481 1638 3544 sancti-

1094 3569 1158 3632 fica
1181 3619 1186 3632 .
1213 3589 1340 3652 nosque
1373 3590 1394 3632 a
1425 3579 1637 3652 peccatorum

985 3666 1174 3720 nostrorum
1192 3656 1332 3720 maculis
1347 3658 1494 3720 emunda
1509 3706 1517 3719 .
1533 3653 1614 3738 pcr¹.

985 3847 1142 3983 Omnis
1167 3855 1254 3909 terra
1279 3847 1329 3909 ad
1353 3858 1420 3911 oret
1448 3856 1478 3910 le
1506 3848 1584 3910 aleus
1608 3859 1640 3910 et

1068 3933 1194 4014 psallat
1218 3933 1281 3998 tibi
1303 3944 1335 3996 et
1355 3933 1522 4016 psalmum
1551 3934 1640 3998 dicat

984 4020 1112 4082 noniini
1125 4029 1178 4082 tuo
1188 4020 1353 4084 altissime.
1387 4030 1444 4092 [ἧς.
1490 4019 1638 4094 Jubilate

984 4106 1040 4169 deo
1078 4108 1185 4169 omisis
1224 4117 1319 4170 terra.
1380 4116 1477 4179 Grani
1536 4108 1639 4171 Misit

983 4193 1135 4256 doininus
1160 4195 1293 4258 aurbum
1322 4215 1417 4257 suum
1446 4205 1477 4258 et
1504 4195 1640 4258 sanauit

983 4302 1034 4344 eos
1052 4290 1084 4343 et
1102 4281 1223 4363 erpuit
1239 4303 1290 4344 eos
1308 4281 1348 4345 de
1367 4282 1635 4346 interiturarum.

987 4368 1210 4450 Cotfiteantur
1250 4368 1379 4431 domino
1423 4369 1639 4432 misericordie

983 4455 1053 4517 eius
1063 4464 1094 4517 el
1104 4454 1272 4519 mirabilia
1282 4455 1352 4518 eius
1356 4455 1447 4540 filiis
1459 4454 1635 4519 ltominum.

983 4540 1139 4607 Alleluia.
1199 4541 1349 4605 Laudate
1392 4543 1486 4605 dmm
1530 4564 1638 4607 omnes

983 4629 1095 4711 angeli
1112 4628 1182 4692 eius
1201 4629 1333 4693 lezudate
1350 4650 1423 4692 eum
1443 4651 1551 4693 omiies
1567 4631 1636 4693 uir-

984 4725 1068 4779 tutes
1097 4716 1173 4779 eius.
1220 4721 1428 4801 offlrlorinm.
1489 4715 1640 4789 Jubilate

1244 4850 1303 4915 llol.
1321 4866 1380 4916 ¹7²1·

327 5003 336 5035 ¹
355 5006 384 5055 ln
396 5005 439 5055 the
452 5007 575 5067 MS.-r7
588 5005 700 5066 (Sl-the
713 5004 780 5069 right
794 5004 867 5054 order
879 5004 900 5052 is
910 5002 1032 5061 inserted,
1044 5002 1086 5052 the
1102 5002 1242 5053 rubricated
1256 5002 1385 5053 ‘emto'
1396 5002 1515 5067 standing
1525 5003 1639 5054 between

278 5070 321 5120 the
332 5071 386 5120 title
397 5071 427 5121 ol
435 5071 478 5121 the
491 5072 561 5120 Mass
571 5070 621 5119 and
634 5070 677 5120 the
688 5070 874 5146 mrtiphonadal
884 5068 1031 5145 indication.

326 5135 337 5166 ²
354 5137 458 5187 Manual
469 5152 539 5186 cross
549 5136 575 5185 in
586 5143 659 5185 outer
670 5151 768 5200 margus
779 5135 808 5184 ol
816 5143 876 5184 next
886 5135 946 5191 nne,
962 5147 989 5195 17
998 5149 1022 5183 v.
1037 5135 1085 5195 (8).

366 5251 403 5301 M.
421 5252 453 5301 R.

1532 5218 1550 5316 '3
