4109 6275
635 818 826 872 DOMINICA
849 815 969 866 PRIMA
992 813 1082 866 POST
1106 813 1257 866 inseiis
1584 811 1627 879 47

515 1008 679 1058 sienem.
971 989 1112 1055 alleluia.
1156 1007 1230 1049 com.
1262 989 1363 1053 Mitte
1384 1008 1519 1051 manum
1538 996 1629 1051 tuam

273 1103 458 1242 Concede
473 1120 676 1185 quaesumus
688 1100 825 1164 domine
836 1117 922 1162 sein·
972 1088 1003 1143 ‘i
1031 1097 1175 1178 cognosce
1203 1077 1270 1177 lofa
1301 1076 1467 1176 clauqmm
1497 1073 1630 1173 alleliftiz

294 1197 297 1200 ‘
353 1211 412 1274 per
450 1210 511 1254 nos
548 1210 608 1273 per
643 1187 727 1253 haec
763 1185 923 1269 mystesia
972 1175 1005 1230 et
1033 1164 1099 1229 nole
1128 1186 1195 1229 esse
1223 1162 1399 1229 incredulas
1427 1172 1475 1226 set
1493 1161 1629 1246 fidelis.

268 1277 438 1363 paschalia
475 1276 665 1361 gratulari.
690 1283 727 1340 ut
764 1274 924 1339 continua
973 1251 1131 1318 alleluff·

268 1375 403 1431 nostrae
423 1365 642 1449 reparationis
661 1362 812 1447 operatio
828 1412 835 1426 .
851 1380 923 1445 per.

269 1465 390 1537 petuae
420 1454 517 1517 nobis
547 1452 606 1518 fiat
632 1472 734 1517 causa
760 1450 925 1514 laetitiae:
1157 1422 1456 1537 postcommunio,

270 1562 337 1625 pes·
980 1535 1252 1705 QUAESUMUS
1264 1522 1402 1588 domine
1414 1525 1496 1589 deus
1506 1533 1633 1587 noster:

452 1654 750 1704 ροςτροΜΜυΝΙΟ,
1072 1621 1109 1675 ut
1124 1621 1353 1675 sacrosancta
1370 1611 1530 1694 mysteria
1545 1631 1633 1693 quae

483 1754 491 1767 .
541 1752 548 1767 .
976 1720 1038 1781 pro
1054 1698 1273 1783 reparationis
1296 1709 1429 1764 nostrae
1449 1699 1634 1763 munimine

281 1753 757 1924 Reflsseffimguazggffi
789 1768 927 1902 ffounqffig
976 1785 1170 1852 contulisti.
1187 1796 1220 1851 et
1248 1807 1385 1871 presens
1408 1787 1506 1851 nobis
1528 1806 1634 1851 reine-

698 1927 705 1940 .
813 1924 845 1938 ..
977 1875 1071 1939 dium
1088 1873 1191 1939 facias
1205 1894 1279 1939 esse
1294 1884 1329 1940 et
1344 1874 1511 1940 futurum:
1535 1895 1603 1958 per.

272 1937 309 1992 ut
327 1930 391 1993 hoc
410 1939 591 2012 perpetuae
606 1926 724 1991 salutis
740 1924 926 1989 auxilium.

272 2014 356 2079 fides
370 2036 503 2099 semper
519 2036 598 2080 uera
614 2012 780 2097 perficiat:
803 2033 869 2095 per.

1147 2100 1416 2162 ΒΟΜΙΝΙΟΑ.
1433 2099 1473 2160 ll.

366 2252 473 2315 0οΜ
485 2253 491 2314 Ι
505 2253 530 2312 Ν
542 2252 621 2314 1οΑ
635 2297 642 2313 ,
658 2251 665 2313 Ι
683 2298 689 2314 ,
704 2250 841 2318 {POST
991 2240 1021 2298 Ᾰ.
1059 2243 1257 2299 Misericordia
1268 2244 1377 2301 domini
1390 2246 1475 2317 plena
1487 2255 1532 2302 est
1544 2256 1627 2303 terra

505 2335 705 2398 Prisci-tn.
1058 2380 1128 2431 iius
1164 2381 1231 2446 Qu1
1268 2382 1308 2432 ni
1346 2383 1437 2433 inni
1467 2384 1535 2435 rui
1567 2385 1637 2436 iru-

415 2449 443 2508 λ,
482 2455 569 2525 Quasi
589 2456 675 2511 modo
693 2453 789 2526 geniti
1080 2468 1262 2519 nimime
1273 2468 1459 2522 merentem
1472 2459 1635 2522 mundum

533 2575 672 2625 omo,
981 2542 1140 2606 erexisti:
1169 2541 1324 2608 fidelibus
1351 2544 1416 2610 tuis
1439 2555 1636 2629 perpetuam

338 2682 482 2733 RAESTA
509 2681 738 2746 QUnEsUMus
769 2680 931 2732 0MN1P0-
982 2629 1129 2694 concede
1159 2629 1352 2696 laetitiam.
1376 2642 1413 2697 ut
1449 2653 1533 2717 quos
1564 2654 1637 2716 pes.

380 2769 477 2820 nius
515 2769 629 2820 orius:
665 2769 714 2820 υτ
748 2769 816 2834 Qu1
851 2769 931 2818 PAs·
982 2726 1104 2819 petuas
1137 2718 1272 2819 lmprtis
1302 2720 1455 2822 eripuisti
1482 2722 1638 2823 casibus.

982 2804 1113 2887 gaudiis
1136 2803 1238 2869 sacras
1262 2817 1474 2889 sempiternis
1497 2809 1639 2892 perfrui:

278 2857 418 2908 cHALIA
449 2842 533 2907 festa
560 2843 749 2926 peregimus
764 2891 772 2908 .
787 2841 869 2906 haec
899 2851 932 2906 te

983 2912 1044 2975 per
1057 2893 1211 2959 eundern.

278 2931 438 3015 largiente
451 2931 599 2995 moribus
611 2940 645 2995 et
658 2931 729 2996 uita
739 2941 932 2994 teneamus.

279 3040 344 3103 pef-
1228 3053 1391 3102 stenem.

524 3144 689 3196 SEORETA·
1047 3145 1292 3212 enedictionem
1304 3148 1402 3212 nobis
1413 3149 1550 3213 domine
1561 3169 1640 3213 con·

278 3228 444 3359 Suscipe
475 3247 614 3291 munera
643 3247 846 3311 quaesumus
875 3227 934 3291 do·
1070 3234 1154 3298 ierat
1180 3236 1361 3300 salutarem
1389 3257 1483 3301 sacra
1508 3258 1642 3320 semper

352 3317 443 3380 mine
468 3315 654 3380 exultantis
680 3314 883 3379 aecclesiae.
900 3324 934 3377 et
985 3321 1140 3387 oblatio.
1162 3333 1199 3387 ut
1229 3324 1319 3406 quod
1351 3324 1421 3407 agit
1452 3324 1641 3408 mysterio.

279 3406 332 3468 cui
347 3423 482 3467 causam
499 3403 584 3467 tanti
604 3402 719 3484 gaudii
740 3402 935 3466 contulisti.
986 3411 1110 3475 uirtute
1125 3411 1294 3494 perficiat:
1319 3432 1386 3496 pes,

280 3500 461 3575 perpetuae
490 3491 635 3555 fructum
666 3492 813 3555 concede
840 3488 935 3554 laeti-

280 3579 346 3643 tiae
361 3630 368 3643 ι
385 3599 453 3662 per·
1201 3570 1424 3621 ΡΒΑΕΡΗΑΤΙΟ.

983 3663 1290 3793 Meieri'cordia'
1318 3666 1446 3729 domini
1469 3666 1568 3750 plena
1597 3676 1645 3730 est

350 3753 425 3816 uasi
447 3750 539 3816 modo
558 3752 667 3835 geniti
693 3751 836 3834 infantes
860 3752 936 3816 alle-
1104 3762 1193 3816 terra
1201 3752 1335 3816 alleluia
1346 3753 1440 3817 uerbo
1450 3753 1578 3818 domini
1586 3753 1647 3818 celi

290 3885 335 3919 a
376 3839 446 3903 lutiz
476 3839 669 3903 racionabilc
691 3840 762 3903 sine
787 3839 939 3903 dolo'lac
978 3840 1118 3925 firmati
1124 3850 1204 3905 sunt
1213 3840 1347 3904 alleluia
1358 3841 1498 3905 alleluia.
1536 3841 1642 3905 Exul·

282 3927 483 4008 compiscite
510 3926 644 3990 alleluia
668 3978 675 3992 .
699 3927 833 3991 allelui'a
861 3926 936 3991 alle·
989 3937 1055 3992 tate
1103 3927 1186 3990 iusti
1227 3927 1262 3990 in
1306 3927 1442 3992 domino.
1501 3921 1639 4003 epistola.

283 4015 361 4080 lure.
399 4009 456 4073 Ps.
508 4013 664 4078 Exultate
698 4014 755 4078 deo
792 4013 941 4078 adiutori
992 4013 1143 4082 clmitus
1160 4025 1281 4097 passus
1304 4024 1357 4078 est.
1403 4010 1503 4072 (irad.
1554 4016 1644 4078 Alle-

284 4114 399 4168 nostro.
427 4096 559 4176 citt'slola
609 4100 711 4166 Omne
725 4101 813 4184 quod
824 4111 938 4165 natum
989 4101 1067 4167 luziz.
1130 4101 1284 4165 Surrerit
1319 4101 1470 4165 dominus
1506 4123 1580 4166 uere
1615 4113 1647 4167 et

283 4201 390 4255 estex
409 4191 487 4253 deo:
502 4240 509 4254 .
522 4183 623 4248 Grad.
674 4188 828 4253 Alleluia„
859 4189 941 4253 Post
989 4188 1144 4270 apparuit
1151 4197 1249 4271 petro.
1287 4189 1442 4253 Allelmiz.
1485 4189 1557 4273 Ego
1571 4211 1645 4252 sum

284 4278 353 4342 dies
374 4288 439 4342 octo
463 4277 574 4340 ianuis
597 4277 718 4340 clausis
742 4277 832 4340 stetit
856 4276 940 4340 iesus
982 4286 1101 4359 pastor
1123 4277 1223 4341 bonus
1243 4285 1275 4340 et
1294 4296 1439 4358 cogrwsco
1463 4298 1537 4340 oues
1559 4298 1647 4340 meas

286 4366 321 4429 in
352 4365 455 4429 medaii
484 4363 714 4447 dirci'pulerum
748 4385 880 4427 suomm
911 4373 941 4427 et
989 4373 1021 4427 et
1034 4372 1224 4445 cogiwscunt
1240 4384 1291 4426 me
1309 4384 1380 4428 mee.
1412 4378 1523 4421 sidau.
1572 4363 1647 4446 Ego

284 4453 374 4517 dixit
385 4463 456 4535 pax
469 4451 566 4515 uobis.
599 4466 709 4507 ‘'i'f’mt.
767 4450 848 4517 Cum
864 4460 942 4514 essct
990 4472 1064 4514 sum
1080 4460 1196 4534 pastor
1216 4449 1243 4514 b.
1284 4444 1393 4523 ΟΜ.
1447 4450 1537 4514 Deus
1559 4472 1648 4514 meus

285 4562 353 4605 sero
388 4540 448 4604 die.
484 4533 584 4613 affini.
637 4540 786 4621 Angelus
817 4537 943 4601 domini
991 4538 1040 4601 ad
1051 4548 1081 4601 te
1094 4538 1135 4601 de
1148 4539 1213 4601 luce
1227 4538 1329 4621 aigilo
1343 4548 1374 4601 ct
1391 4539 1427 4601 in
1447 4538 1575 4601 nomine
1594 4547 1648 4602 tuo

285 4628 444 4693 descendit
462 4628 501 4691 de
519 4628 580 4690 celo
599 4636 631 4690 ct
649 4625 736 4689 (reicit
753 4626 942 4690 mulim'bus
992 4626 1102 4689 himba
1131 4646 1249 4689 manus
1279 4645 1366 4689 necas
1394 4624 1535 4689 alleluia
1572 4641 1637 4681 [θυι

286 4738 378 4799 quem
408 4714 545 4798 queritis
572 4713 719 4777 surrexit
744 4713 830 4777 sicut
856 4712 945 4776 dent
992 4713 1065 4795 Ego
1093 4733 1167 4776 sum
1191 4722 1307 4795 pastor
1334 4713 1435 4778 bonus
1459 4712 1592 4776 alleluia
1617 4722 1649 4776 et

547 4852 607 4915 llol.
620 4854 652 4914 48
660 4868 686 4901 v.
1261 4856 1271 4909 ΙΙ
1284 4850 1327 4900 iol.
1340 4867 1381 4919 49.

337 5049 346 5082 ¹
364 5051 480 5116 Nothing
493 5050 603 5101 survives
618 5051 648 5100 ol
660 5052 703 5101 ilie
720 5051 820 5102 Prelaoe
831 5051 877 5101 but
888 5067 904 5101 a
914 5050 1024 5115 scarcely
1035 5050 1124 5101 visible
1139 5049 1213 5101 ‘uus’
1228 5050 1292 5101 irum
1308 5066 1368 5100 near
1385 5050 1417 5101 its
1431 5051 1507 5102 close.
1545 5051 1649 5100 Manual

289 5134 357 5169 eroes
368 5118 393 5167 in
405 5127 477 5167 outer
488 5118 592 5181 margin.
629 5117 691 5166 Five
703 5115 766 5166 lines
776 5116 827 5166 and
838 5133 854 5166 a
864 5116 978 5176 lmction',
993 5119 1055 5179 4811.
1071 5114 1179 5180 (8-13l‚
1193 5117 1288 5166 erased.

278 5246 282 5253 Ι
337 5182 782 5246 'Manualcrossinoutermargin
819 5181 865 5233 Six
876 5182 947 5243 lines,
961 5197 993 5249 49
1004 5180 1116 5245 (6-rri‚
1127 5182 1223 5231 erased.
