4109 6275
800 792 991 843 APPENDIX
1015 793 1046 841 B.

243 984 286 1027 tua
297 976 400 1026 intende
411 991 530 1041 prospere
544 974 653 1040 procede
665 982 690 1025 et
705 989 788 1038 regnu
824 976 897 1022 vers

245 1060 350 1124 Propter
370 1058 499 1109 ueritatem
522 1066 547 1108 et
569 1057 785 1107 mansuetudinem
807 1064 833 1104 et
851 1056 897 1104 ius·

245 1143 328 1192 tisiam
346 1150 371 1192 et
391 1142 498 1191 deducet
517 1149 542 1190 te
561 1139 707 1190 mirabiliter
726 1139 828 1188 dextera
847 1148 895 1186 tua

245 1224 362 1275 Alleluia
395 1225 460 1274 Veni
482 1223 562 1273 electa
584 1239 640 1273 mea
664 1230 689 1272 et
711 1236 804 1286 ponam
827 1228 852 1269 te
874 1219 900 1269 in

246 1307 363 1358 thronum
382 1323 466 1357 meum
484 1306 604 1372 quoniam
623 1305 767 1369 concupiuit
783 1320 826 1354 rex
845 1319 899 1368 spe·

246 1391 310 1441 ciem
327 1388 418 1440 tuam¹.

294 1477 440 1524 mum
466 1476 628 1523 lethum.
664 1470 731 1539 (192)
776 1474 807 1520 ln
834 1470 901 1520 illis:

248 1556 319 1606 Dixit
333 1555 450 1606 dominus
464 1557 530 1606 iesus
546 1554 675 1620 discipulis
689 1554 740 1602 suis
756 1552 902 1618 parabolam

1544 774 1603 852 167

949 972 1022 1021 hanc.
1058 970 1146 1021 Simile
1165 968 1316 1019 est...bonos
1335 967 1361 1016 in
1380 981 1441 1015 uasa
1460 981 1534 1015 sua...
1559 963 1605 1013 Di·

949 1063 1009 1105 cunt
1036 1051 1145 1119 (192v.)
1173 1052 1221 1102 ei.
1241 1048 1437 1100 Etiamt...n0ua
1463 1056 1488 1098 et
1512 1055 1605 1097 uetera.

950 1141 995 1188 θῶ
1016 1136 1159 1187 Offerentur
1169 1133 1221 1198 regi
1233 1133 1341 1197 uirgines
1349 1139 1405 1197 post
1413 1147 1469 1182 eam
1479 1130 1607 1196 proximae

951 1222 1004 1270 eius
1014 1219 1149 1269 offerentur
1159 1217 1214 1267 tibi.
1248 1220 1345 1266 (tunm
1358 1214 1445 1265 Simile
1456 1222 1494 1263 est
1503 1226 1607 1277 regnum

951 1303 1062 1353 celorum
1089 1300 1186 1350 homini
1212 1296 1366 1363 negociatori
1391 1295 1504 1362 querenti
1529 1296 1608 1343 bonas

951 1385 1097 1451 margaritas
1124 1383 1227 1433 inuenta
1254 1398 1304 1431 una
1334 1380 1447 1446 preciosa
1476 1377 1609 1443 margarita

952 1468 1022 1519 dedit
1039 1466 1124 1517 omnia
1140 1482 1185 1515 sua
1201 1473 1226 1515 et
1242 1464 1400 1530 comparauit
1416 1459 1494 1512 eam⁸.

480 1814 533 1874 DE
562 1812 757 1874 UIRGINAE
788 1812 891 1889 Quen
921 1809 1081 1869 manunt
1109 1807 1190 1868 NON
1220 1805 1381 1866 FUERIT.

297 1958 409 2008 Dilexisti
436 1957 555 2008 iustitiam
583 1966 608 2008 et
640 1957 714 2007 odisti
747 1957 903 2022 iniquitatem

249 2051 382 2108 propterea
392 2041 463 2091 unxit
475 2049 500 2090 te
509 2041 572 2091 deus
586 2041 648 2091 deus
658 2049 715 2090 tuus
726 2040 783 2090 oleo
794 2039 904 2089 laetitiae

250 2141 294 2189 pre
305 2124 460 2173 consortibus
472 2122 542 2173 tuis⁴.
576 2126 616 2172 Pa.
635 2123 771 2172 Eructnuit

298 2210 337 2257 Ad
353 2209 509 2256 ourlntltlus.
543 2209 683 2254 Faernus:
702 2203 753 2267 Qui
769 2204 903 2269 gloriatur:

250 2290 276 2339 in
291 2289 395 2338 domino
409 2286 691 2354 glorietur....exhibere
708 2286 824 2336 christo⁸.
860 2286 904 2335 Di·

250 2370 331 2420 lexisti
347 2369 467 2419 iustitiam
487 2377 511 2419 et
531 2369 606 2418 odisti
625 2368 791 2434 iniquitatem.
827 2369 904 2432 Prop-

251 2458 318 2502 terea
336 2452 407 2501 unxit
429 2459 454 2501 te
476 2451 538 2500 deus
559 2451 621 2500 deus
643 2459 699 2500 tuus
721 2451 778 2500 oleo
800 2447 904 2499 leticiet.

249 2538 351 2600 Propter
367 2535 498 2584 ueritatem
515 2542 540 2584 et
557 2534 772 2584 mansuetudinem
792 2541 817 2583 et
836 2532 905 2582 iusti-

251 2617 312 2667 tiam
338 2625 363 2667 et
387 2615 493 2667 deducet
516 2623 541 2666 te
563 2616 709 2666 mirabiliter
731 2617 833 2665 dextera
855 2623 905 2664 tua.

250 2698 330 2750 Διιιὶἰ7
342 2697 410 2766 (193)
423 2700 475 2749 filia
485 2708 510 2750 et
521 2700 579 2750 uide
593 2709 619 2750 et
634 2699 726 2750 inclina
740 2715 825 2749 aurem
838 2708 907 2749 tuam

954 1955 1013 2020 quia
1031 1952 1175 2017 concupiuit
1194 1967 1237 2001 rex
1256 1951 1365 2016 speciem
1385 1957 1462 2000 tuam.
1495 1946 1611 1997 Alleluia.

954 2038 1055 2087 Bmulor
1066 2036 1133 2086 enim
1148 2051 1194 2085 uos
1209 2033 1360 2085 emulatione
1374 2030 1497 2096 despondi
1511 2045 1556 2080 uos
1567 2030 1611 2079 uni

954 2122 1009 2170 uiro
1021 2119 1144 2185 uirginem
1156 2125 1251 2169 castam
1262 2116 1380 2166 exhibere
1391 2114 1492 2165 christo.

1004 2205 1152 2253 mnndum
1168 2203 1311 2249 matheum
1348 2202 1378 2247 1n
1394 2198 1459 2247 illis:
1478 2197 1550 2248 Dixit
1566 2198 1611 2246 do·

955 2286 1038 2336 minus
1060 2285 1125 2334 iesus
1147 2283 1275 2349 discipulis
1297 2282 1347 2332 suis
1370 2280 1516 2347 parabolam
1537 2280 1611 2330 hane.

956 2368 1045 2419 Simile
1062 2375 1098 2417 est
1116 2362 1536 2431 regnum...(193v.)...Nouissime
1552 2378 1612 2412 uero

956 2450 1174 2512 ueniunt...neque
1190 2443 1302 2496 horam⁸.
1341 2449 1379 2496 01.
1407 2445 1544 2496 offerentur
1559 2444 1612 2510 regi

957 2531 1066 2594 uirgines
1084 2537 1172 2595 postea
1192 2527 1319 2593 proximae
1335 2528 1388 2578 eius
1405 2527 1539 2577 offerentur
1555 2526 1609 2576 tibi

957 2619 1019 2665 (lom
1035 2613 1128 2663 Diffusa
1140 2622 1177 2661 est
1188 2613 1285 2677 gratia.
1297 2612 1323 2661 in
1334 2611 1408 2661 labiis
1420 2611 1468 2661 tuis
1481 2617 1614 2675 propterea

957 2697 1087 2747 benedixit
1099 2704 1124 2746 te
1134 2695 1196 2746 deus
1206 2696 1233 2745 in
1244 2704 1356 2745 eternum
1361 2693 1379 2744 ⁹.

495 2955 541 3015 IN
569 2954 766 3014 ADUENTU
796 2954 944 3015 DOMINI
972 2955 1025 3014 DE
1055 2955 1208 3016 SANGTA
1236 2954 1375 3014 NARIA.

301 3105 392 3153 Rorate
403 3102 466 3153 caeli
478 3102 585 3167 desuper
596 3110 620 3152 et
632 3101 711 3151 nubes
719 3102 806 3166 pluant
816 3100 908 3151 iustum

253 3185 379 3250 aperiatur
401 3193 466 3235 terra
488 3194 512 3234 et
534 3185 657 3249 germinet
684 3183 840 3234 saluatorem.
877 3186 909 3232 ὴ

255 3267 288 3316 Et
310 3266 403 3317 iustitia
425 3268 519 3316 oriatur
537 3266 611 3315 simul
631 3266 704 3315 simul
726 3281 774 3330 ego
792 3265 909 3315 dominus

254 3351 336 3400 ereaui
353 3366 417 3399 eum.
459 3353 557 3400 oratio.
580 3351 742 3414 Omnipotens
760 3350 909 3414 sempiterne

254 3431 316 3482 deus
330 3432 374 3498 qui
389 3432 492 3483 terrenis
507 3431 652 3497 corporibus
667 3429 736 3480 uerbi
750 3430 787 3480 tui
798 3431 910 3480 ueritatis

255 3514 300 3565 filii
326 3515 443 3566 uidelicet
468 3513 590 3580 unigeniti
617 3530 662 3580 per
689 3513 855 3564 uenerabilem
884 3522 909 3565 et

959 3100 1094 3166 gloriosam
1122 3118 1221 3167 semper
1247 3102 1370 3167 uirginem
1399 3114 1513 3153 Manlau
1546 3100 1614 3168 (¹94)

959 3185 1084 3236 ineffabile
1104 3186 1247 3250 mysterium
1267 3187 1417 3250 coniungere
1434 3185 1549 3235 uoluisti:
1571 3200 1615 3249 pe·

960 3266 1035 3315 timus
1055 3267 1203 3316 immensam
1223 3267 1382 3316 clementiam
1399 3275 1467 3316 tuam
1481 3300 1488 3313 .
1500 3273 1528 3315 ut
1546 3264 1614 3331 quod

960 3349 986 3399 in
1000 3349 1054 3399 eius
1065 3348 1225 3406 ueneratione
1235 3349 1394 3414 deposcimus
1407 3384 1412 3396 .
1425 3356 1451 3399 te
1464 3349 1616 3414 propitiante

959 3429 1105 3498 consequi¹⁰
1115 3447 1267 3481 mereamur:
1285 3448 1329 3498 per
1340 3433 1455 3482 eundem.

1008 3516 1095 3566 leutio
1105 3517 1200 3564 Ysatee
1211 3518 1365 3574 prophetae.
1395 3519 1427 3564 tri
1440 3527 1541 3564 uranus
1552 3513 1615 3564 illis:

294 3717 302 3746 ¹
316 3714 405 3767 ‘Specie
417 3722 470 3757 tua.
481 3712 606 3766 ..speciem
619 3712 692 3755 trram'
718 3712 753 3754 On
766 3726 858 3764 umore,
869 3712 890 3755 in
903 3727 917 3754 a
930 3713 984 3756 later
995 3712 1061 3756 band.
1088 3714 1109 3755 Α
1121 3712 1225 3776 penciiied
1238 3723 1287 3756 note
1300 3714 1322 3756 in
1333 3714 1399 3757 losrer
1410 3715 1493 3767 margin
1505 3715 1545 3758 hes
1556 3716 1617 3758 ‘veni

257 3779 860 3833 ...ctam.st.p.t.i.t.m.quiacon.r.s.t.'

293 3852 303 3881 ¹
315 3851 336 3892 Α
346 3849 451 3902 pencilled
464 3858 521 3897 note,
531 3848 552 3890 in
565 3848 624 3890 three
636 3847 696 3897 lines,
706 3846 728 3888 in
739 3846 775 3887 the
786 3860 854 3898 upper
865 3847 947 3898 margin
959 3848 984 3889 oi
993 3848 1029 3889 iol.
1042 3862 1103 3901 roan.
1115 3849 1192 3891 carries
1205 3849 1241 3891 the
1254 3849 1362 3901 following
1367 3849 1407 3892 :—‘
1415 3850 1476 3893 Deus
1487 3851 1523 3903 qui
1532 3852 1618 3895 beatam

258 3920 279 3962 N
290 3952 295 3961 .
305 3920 383 3962 uirtute
398 3919 449 3961 fidei
463 3929 485 3960 et
500 3920 575 3961 decore
590 3917 694 3970 pudicicie
709 3917 824 3968 pollentem
839 3917 925 3959 celestia
938 3917 1042 3969 uirginem
1058 3927 1080 3960 et
1095 3918 1200 3960 martirem
1217 3918 1284 3961 iecisti
1298 3918 1377 3961 intrare
1388 3920 1448 3962 :eius
1463 3920 1618 3966 intercessionis

256 4001 320 4040 opere
337 3987 406 4029 tribue
423 4000 462 4028 nos
478 4000 561 4038 semper
576 3985 670 4037 gaudem
687 3998 732 4037 per.
757 3983 1035 4036 ludulgeutiamn.d.b.
1047 3984 1156 4037 N.virgo
1172 3994 1195 4028 et
1213 3986 1291 4027 Martir
1307 3986 1404 4039 imploret
1421 4001 1477 4040 quae
1498 3988 1537 4030 tibi
1556 4000 1618 4042 grata

257 4056 327 4098 extitit
336 4064 359 4098 et
368 4054 443 4097 merito
451 4053 555 4096 castimtis
563 4062 585 4095 et
594 4063 631 4095 tue
640 4052 770 4105 professione
778 4051 870 4094 uirtutis
899 4051 954 4093 Per)
980 4052 1035 4094 This
1043 4052 1123 4104 Gospel
1132 4053 1150 4094 is
1159 4052 1213 4094 t'rom
1222 4053 1287 4096 Matt.
1297 4054 1340 4095 xiii.

297 4125 322 4166 ln
336 4124 373 4165 the
386 4137 453 4176 upper
464 4133 511 4176 part
522 4124 546 4165 ot
557 4123 630 4165 lateral
642 4122 733 4173 margin,
743 4122 764 4163 in
777 4135 842 4164 seven
854 4121 914 4172 lines,
925 4120 1060 4163 ‘Afferentur
1072 4119 1117 4173 regi
1129 4120 1224 4173 proxime
1236 4122 1256 4163 ei
1268 4123 1303 4165 oi.
1316 4131 1339 4164 t.
1351 4124 1357 4163 i
1367 4154 1372 4164 .
1383 4122 1439 4165 l.et
1447 4135 1473 4166 e:
1486 4125 1618 4167 adducentur

257 4192 381 4233 intem.r.
410 4190 1596 4243 0.ComSimileestr.ee.ho.ne.q.bo.mras.in.uns.pr.ma.ded.omniasuaetcom.eam.'

295 4259 306 4289 ⁸
318 4260 351 4312 By
364 4273 392 4301 an
405 4273 508 4312 economy
520 4260 546 4303 os
559 4259 661 4301 lineation
677 4260 706 4312 by
719 4259 788 4301 which
802 4259 839 4301 the
855 4272 911 4311 page
926 4258 965 4300 has
980 4267 1113 4310 twenty-one
1128 4258 1181 4300 lines
1196 4259 1221 4301 oi
1236 4259 1320 4311 writing
1335 4259 1418 4302 instead
1435 4261 1460 4303 ot⁴
1474 4269 1561 4313 twenty,
1576 4262 1619 4304 this

258 4327 399 4371 communion
410 4327 432 4369 in
445 4327 470 4380 a}
481 4327 535 4369 lines
545 4328 571 4370 of
579 4328 664 4379 writing
674 4327 715 4369 has
726 4327 780 4369 been
792 4327 966 4369 accommodated
978 4327 1000 4368 in
1012 4340 1026 4369 s
1037 4339 1100 4379 apaoe
1110 4335 1182 4368 meant
1192 4326 1226 4367 t⁴0r
1236 4339 1250 4367 a
1260 4326 1303 4368 line
1315 4328 1383 4369 anda
1395 4327 1446 4370 hali.
1473 4327 1521 4370 The
1533 4328 1619 4382 vri-iring

258 4410 309 4449 may
317 4396 344 4438 be
353 4396 399 4438 that
408 4396 433 4438 oi
439 4396 475 4438 tlte
484 4396 561 4438 second
570 4404 615 4437 text
623 4398 722 4448 on163v.

295 4465 305 4494 ⁴
318 4464 421 4516 Opposite
434 4463 483 4514 this,
498 4463 520 4505 in
532 4463 609 4516 pencil,
624 4463 646 4506 in
659 4477 724 4506 seven
738 4464 798 4515 lines,
813 4463 910 4506 ‘Exaudi
923 4477 962 4505 nos
973 4464 1028 4506 deus
1041 4463 1140 4506 salutaria
1154 4473 1226 4506 noster
1238 4473 1263 4506 ut
1274 4464 1329 4506 sicut
1343 4464 1370 4507 de
1383 4464 1445 4506 beate
1459 4497 1464 4507 .
1476 4465 1498 4507 N
1509 4496 1515 4508 .
1529 4465 1619 4518 uirginis

258 4540 295 4574 tue
303 4531 419 4573 festiuitate
427 4532 545 4583 gaudemus
553 4532 584 4574 ita
591 4532 626 4583 pie
635 4531 755 4574 deuotionis
764 4563 770 4576 .
779 4563 785 4575 .
793 4545 807 4573 a
816 4563 822 4573 .
833 4564 839 4574 .
850 4562 855 4572 .
867 4532 919 4584 per.’

296 4601 306 4628 ⁵
320 4598 432 4643 ‘cbristo'
440 4599 511 4641 added
520 4599 549 4651 by
558 4600 613 4641 later
621 4600 685 4642 hand.

296 4666 306 4697 ⁸
320 4666 447 4710 ‘numum
458 4698 464 4710 .
474 4697 481 4710 .
491 4666 577 4710 leticie¹
603 4667 638 4719 By
648 4668 702 4709 later
712 4667 778 4716 hand,
791 4680 819 4709 on
830 4679 922 4710 erasure
950 4666 1020 4708 'lbere
1033 4680 1070 4708 are
1083 4675 1152 4710 traces
1164 4667 1190 4709 ot
1200 4666 1310 4710 vermilion
1323 4668 1391 4710 under
1405 4667 1564 4721 ‘iniquitatem'
1576 4671 1619 4712 and

259 4735 392 4779 mentemst
406 4734 581 4777 ‘P'under'te'

297 4804 307 4830 ²
319 4801 423 4855 Opposite
431 4802 471 4844 last
479 4802 522 4844 line
530 4803 555 4844 oi
560 4803 597 4844 fot.
608 4816 645 4855 19²
650 4817 679 4852 v..
690 4803 795 4855 pencrlled
804 4812 859 4845 note
888 4802 909 4843 lt
918 4815 968 4854 may
977 4802 1004 4844 be
1012 4816 1027 4844 a
1035 4802 1149 4855 nnmlessly
1157 4802 1241 4846 vrimen
1251 4804 1411 4846 'offertorium'

297 4870 346 4912 ⁸ln
359 4883 426 4922 upper
438 4870 607 4922 persultarent
620 4871 702 4923 margin
719 4871 744 4913 os
758 4871 794 4913 tol.
811 4883 886 4924 1932,
903 4869 925 4912 in
938 4869 1014 4912 twelve
1030 4870 1091 4920 lines,
1106 4869 1127 4912 in
1142 4871 1221 4923 peneil,
1236 4870 1276 4914 ‘da
1291 4884 1407 4924 quesumus
1421 4871 1554 4925 omnipotens
1566 4874 1621 4916 deus

260 4949 284 4983 ut
295 4937 444 4981 intercessione
455 4938 517 4980 beate
528 4937 618 4990 uirginis
629 4948 666 4981 tue
678 4939 717 4982 .N.
729 4949 752 4982 et
761 4953 776 4981 a
787 4937 921 4992 presentibus
932 4938 1046 4980 liberemur
1058 4938 1157 4991 periculis
1169 4949 1191 4981 et
1201 4947 1239 4982 tuo
1250 4953 1334 4992 semper
1346 4940 1460 4983 munimine
1469 4950 1617 4993 protegamur.

260 5021 303 5060 per.
331 5007 384 5049 deus
391 5006 429 5059 qui
438 5020 477 5048 nos
485 5015 558 5048 sancte
567 5007 655 5059 uirginis
664 5017 700 5050 tue
709 5008 784 5050 tribuis
792 5008 947 5050 communicare
956 5008 1058 5050 memoria
1066 5007 1112 5049 eius
1121 5009 1201 5050 nostae
1210 5021 1294 5061 semper
1301 5010 1396 5061 gaudere
1405 5009 1510 5060 suffragiis
1520 5041 1526 5054 .
1535 5009 1586 5061 per.'

297 5075 307 5104 ⁸
321 5075 419 5117 ‘Diffusa
428 5105 434 5117 .
444 5107 450 5118 .
461 5075 499 5116 ‚in
508 5077 619 5119 eternum)
645 5078 680 5120 On
689 5090 780 5119 erasure.
807 5077 854 5119 Tite
864 5076 939 5118 hmral
948 5076 1031 5129 margin
1040 5075 1078 5117 has
1088 5076 1160 5121 ‘Com
1171 5076 1250 5119 diffusa
1257 5077 1304 5120 esc'

298 5146 317 5175 ¹⁰
329 5144 411 5186 Acuent
419 5142 441 5185 in
450 5143 499 5187 MS.
510 5158 538 5186 on
546 5143 592 5187 tirst
600 5145 690 5198 syllable
697 5146 722 5189 nt
729 5146 735 5167 ⁸
742 5146 857 5200 consequi·
