4109 6275
648 802 698 852 DE
723 803 903 855 PLURIMIS
928 807 1179 863 MARTYRIBUS.

232 975 282 1040 Ut
297 975 330 1039 in
343 984 377 1039 te
389 977 580 1042 exultemus
593 979 625 1041 in
640 980 864 1045 misericordia
879 1006 887 1046 ε

232 1062 264 1125 in
287 1083 354 1144 quo
378 1063 433 1128 ille
456 1064 600 1131 laetatur
623 1068 655 1129 in

229 1150 397 1215 christum.

411 1284 709 1337 postcommunio,

239 1377 324 1505 Da
339 1389 541 1452 quaesumus
557 1371 693 1435 domine
708 1373 792 1437 deus
808 1395 883 1438 nos-

229 1458 231 1460 ’
326 1466 397 1521 ter:
412 1466 447 1520 ut
463 1458 550 1521 sicut
565 1457 654 1522 beati
671 1473 716 1524 .Ν.
729 1464 884 1544 martyris

229 1543 278 1605 tui
291 1546 609 1608 commemoratione
620 1546 796 1629 temporali
808 1569 882 1630 gra-

229 1629 376 1693 tulamur
404 1630 537 1695 officio.
553 1632 601 1696 ita
628 1644 791 1716 perpetuo
817 1635 883 1700 lae-

229 1728 338 1779 temur
352 1729 488 1800 aspectu
509 1742 515 1781 :
532 1740 596 1801 per.

253 1947 310 2006 DE
351 1950 604 2094 ΡΗΗῖΙὲΛιΙΙὲ1
626 1954 863 2016 maurunt-

486 2161 624 2211 ORleO.

303 2256 373 2309 EUS
388 2256 456 2322 QUI
476 2258 549 2309 NOS
569 2258 755 2311 CONCEDIS
773 2260 883 2312 SANC-

324 2344 457 2396 TORUM
500 2345 705 2397 MARTvrum
748 2345 881 2399 tuorum

228 2431 272 2480 .Ν.
304 2418 460 2482 natalicia
489 2419 599 2483 colere
620 2470 626 2483 .
646 2420 690 2483 da
721 2422 817 2484 nobis
848 2423 880 2485 in

229 2515 364 2568 aeterna
378 2506 584 2571 beatitudine
596 2509 639 2569 de
651 2528 765 2571 eorum
780 2509 881 2572 socie-

228 2600 299 2655 tate
313 2594 460 2674 gaudere
479 2617 485 2656 :
501 2614 566 2677 per.

474 2761 636 2810 secam.

235 2847 419 2974 Munera
438 2846 499 2908 tibi
518 2847 655 2910 domine
676 2858 809 2911 nostrae
824 2848 881 2910 de-

338 2933 483 2996 uotionis
509 2931 680 2998 offerimus
703 2982 711 2997 .
734 2955 821 3018 quae
847 2944 880 2998 et

228 3040 288 3102 pro
311 3030 443 3083 tuorum
467 3021 527 3084 tibi
548 3031 645 3102 grata
666 3021 732 3085 sint
755 3021 881 3085 honore

229 3108 390 3172 iustorum
414 3155 421 3169 .
445 3117 478 3171 et
516 3109 612 3173 nobis
650 3108 809 3174 salutaria
846 3118 881 3174 te

229 3196 433 3275 misellrante
463 3195 645 3259 reddantur
663 3218 745 3279 :per
774 3198 880 3260 domi·

229 3301 317 3346 num.

435 3397 677 3450 Panfieuntlffl.

230 3506 371 3632 Vens
389 3505 565 3556 ansanus
581 3543 587 3557 .
605 3491 673 3575 Qui
688 3505 879 3558 sanctorum

319 3591 503 3662 martyrum
534 3589 667 3643 tuorum
695 3582 751 3664 pia
777 3592 882 3645 certa·

229 3667 318 3730 mina
348 3667 391 3730 ad
423 3668 593 3748 copiosam
625 3668 778 3749 perducis
815 3670 880 3732 uic·

227 3755 346 3817 toriam
359 3762 477 3836 :atque
487 3764 685 3837 perpetuum
695 3756 743 3818 eis
753 3755 881 3838 largiris

226 3841 432 3924 triumphum
465 3864 471 3902 :
503 3850 539 3904 ut
579 3840 760 3906 aecclesiae
802 3852 881 3906 tuae

226 3948 358 4010 semper
373 3928 440 3991 sint
456 3928 489 3991 in
506 3928 701 4011 exemplum
717 3979 724 3992 .
743 3930 879 3995 Praesta

227 4015 323 4079 nobis
360 4035 562 4097 quaesumus
601 4025 636 4079 ut
674 4037 732 4098 per
765 4037 879 4081 eorum

227 4102 497 4166 intercessionem
521 4123 663 4184 quorum
687 4103 773 4167 sesta
795 4104 880 4167 cele-

227 4189 362 4252 bramus
396 4211 403 4252 :
439 4189 573 4271 pietatis
617 4199 695 4253 tuae
742 4211 879 4254 munera

226 4276 399 4358 capiamus
424 4296 430 4338 :
455 4296 521 4358 per.

485 4435 496 4490 ΙΙ
508 4430 552 4481 sol.
568 4447 621 4493 141.

1535 820 1595 884 129

1119 1000 1416 1052 postcommunio,
1523 1012 1525 1016 “

680 1068 809 1151 gloria.
827 1090 887 1152 per
946 1084 1107 1211 Praesta
1117 1078 1213 1141 nobis
1223 1078 1359 1142 domine
1369 1099 1590 1162 quaesumus:

1020 1172 1056 1225 ut
1072 1164 1353 1230 intercedentibus
1368 1166 1492 1230 sanctis
1505 1185 1590 1229 mar-

935 1249 1066 1327 tyribus
1089 1251 1156 1313 tuis
1179 1258 1409 1336 .N.³......quae
1432 1273 1488 1315 ore
1511 1274 1589 1316 con·

935 1337 1123 1416 tingimus.
1146 1359 1227 1421 pura
1252 1350 1364 1403 mente
1387 1341 1558 1423 capiamus
1582 1362 1589 1403 :

934 1442 1001 1505 per.

941 1619 985 1677 ΙΝ
1010 1620 1184 1680 ΝΑΤΑΙ.Ι
1209 1622 1360 1684 unlus
1382 1625 1592 1685 CONFES-

984 1702 1127 1763 Solus
1154 1703 1214 1762 ΕΤ
1241 1706 1545 1768 pontificia&

1004 1812 1123 1863 XAUDI
1155 1813 1307 1863 DOMINE
1339 1814 1473 1865 PRECES
1501 1814 1587 1864 NOS-

1025 1900 1120 1950 rnns
1150 1937 1157 1950 .
1188 1900 1285 1964 Quas
1323 1901 1363 1950 1n
1399 1888 1507 1951 sancti
1541 1902 1586 1950 .Ν.

934 1973 1131 2036 confessoris
1152 1976 1201 2037 tui
1225 1984 1326 2058 atque
1347 1974 1514 2057 pontificis
1535 1995 1587 2037 so-

934 2058 1097 2125 lennitate
1126 2059 1305 2124 deferimus
1333 2111 1340 2124 .
1368 2072 1402 2125 et
1437 2062 1494 2145 qui
1525 2062 1586 2126 tibi

934 2147 1036 2229 digne
1057 2149 1177 2212 meruit
1200 2148 1375 2212 famulari.
1392 2150 1463 2212 eius
1486 2150 1585 2212 inter-

934 2235 1131 2298 cedentibus
1152 2236 1278 2299 meritis
1295 2236 1338 2299 ab
1354 2237 1509 2299 omnibus
1525 2256 1586 2299 nos

933 2322 1071 2385 absolue
1087 2323 1231 2405 peccatis
1248 2347 1255 2387 ε
1270 2343 1335 2405 per.

1181 2470 1343 2517 SEGRETA.
1364 2478 1368 2488 ·

943 2551 984 2677 Bt
1021 2566 1123 2610 unera
1143 2545 1279 2609 domine
1302 2566 1504 2629 quaesumus
1524 2548 1585 2611 tibi

1042 2634 1154 2696 dicata
1175 2632 1369 2697 sanctifica.
1386 2643 1419 2697 et
1446 2635 1584 2698 interce-

932 2721 1033 2784 dente
1046 2720 1146 2784 beato
1158 2733 1203 2785 .Ν.
1215 2719 1405 2785 consessore
1416 2732 1475 2784 tuo
1485 2732 1586 2804 atque

932 2807 1109 2890 pontifice.
1123 2828 1181 2890 per
1196 2806 1331 2871 eadem⁶
1347 2806 1419 2891 lnos
1435 2808 1586 2891 placatus

932 2895 1091 2958 intende:
1108 2914 1173 2978 per.

1147 3042 1374 3096 ΡΗΑΕΡΗΑΤΙΟ.

1003 3127 1088 3187 EREl
1103 3137 1298 3187 AE'rERNE:
1323 3123 1368 3187 Et
1389 3132 1423 3187 te
1442 3124 1474 3186 in
1490 3144 1585 3187 sanc-

1016 3221 1126 3274 torum
1143 3219 1276 3274 tuorum
1290 3211 1415 3274 uirtute
1427 3211 1562 3275 laudare
1578 3235 1584 3274 :

932 3299 1054 3382 quibus
1066 3319 1126 3381 pro
1142 3298 1269 3361 meritis
1284 3298 1353 3362 suis
1368 3299 1585 3362 beatitudinis

932 3385 1082 3470 praemia
1097 3385 1268 3448 contulisti
1285 3436 1290 3447 .
1308 3384 1479 3469 Quoniam
1498 3405 1583 3448 sem-

933 3494 991 3556 per
1003 3474 1036 3535 in
1050 3492 1151 3536 manu
1168 3481 1224 3535 tua
1240 3482 1318 3536 sunt
1334 3483 1367 3536 et
1384 3493 1450 3535 non
1467 3482 1584 3555 tanget

932 3560 1007 3624 illos
1034 3569 1237 3624 tormentum
1265 3561 1381 3623 mortis
1408 3581 1415 3624 :
1439 3580 1523 3643 quos
1550 3570 1584 3623 te

931 3647 1142 3713 custodiente
1178 3657 1334 3710 aeternae
1367 3647 1583 3711 beatitudinis

931 3737 1022 3798 sinus
1044 3735 1206 3798 includit.
1224 3734 1292 3799 Ubi
1315 3744 1476 3817 perpetua
1496 3754 1582 3797 sern-

932 3843 990 3905 per
1005 3822 1215 3886 exultatione
1232 3821 1395 3885 letantur.
1408 3822 1464 3885 ubi
1480 3822 1582 3885 etiarn

931 3909 1160 3974 sanctissimus
1172 3907 1340 3972 consessor
1352 3918 1428 3972 tuus
1441 3922 1486 3973 .N.
1499 3909 1582 3971 soci·

930 4008 1006 4060 atus
1021 3994 1175 4059 exultat.
1194 3995 1341 4058 Petimus
1362 4015 1442 4077 ergo
1461 4005 1497 4058 ut
1514 4015 1582 4058 me·

930 4104 1003 4147 mor
1023 4084 1067 4147 sit
1091 4083 1295 4146 miseriarum
1319 4092 1507 4145 nostrarum
1525 4092 1582 4146 :et

930 4173 973 4234 de
994 4180 1053 4234 tua
1072 4170 1297 4233 misericordia
1313 4169 1409 4232 nobis
1427 4170 1583 4251 impetret

930 4258 1146 4322 beatitudinis
1172 4277 1253 4319 suae
1279 4257 1482 4320 consortium
1500 4277 1583 4339 :per

928 4346 1097 4411 christum.

1180 4428 1239 4490 lfol.
1258 4445 1333 4492 141v.

275 4619 284 4651 ¹
303 4622 334 4671 ln
349 4621 392 4671 the
409 4629 481 4672 outer
495 4623 592 4687 margin
605 4622 635 4671 of
649 4639 725 4685 14ov.
738 4625 760 4684 (ι
766 4625 791 4685 3)
807 4623 828 4672 is
843 4639 859 4672 a
875 4622 947 4672 mark
965 4621 1045 4672 which
1062 4607 1120 4685 may
1131 4622 1163 4670 be
1178 4637 1193 4669 a
1208 4621 1269 4685 long
1287 4618 1327 4669 ‘s’
1338 4619 1399 4669 with
1414 4635 1430 4668 a
1445 4619 1583 4670 horizontal

225 4686 311 4736 stroke
322 4702 405 4736 across
416 4687 443 4737 il.
480 4689 535 4737 Can
547 4688 566 4737 it
578 4689 610 4737 be
621 4697 705 4738 meant
717 4688 755 4737 ior
769 4691 830 4738 ‘stet
839 4689 865 4738 ’ἲ

274 4749 440 4816 'Carelessly
455 4760 493 4802 set
511 4752 611 4802 manual
628 4769 696 4803 cross
710 4754 735 4802 in
753 4763 825 4803 outer
842 4753 938 4818 margin
956 4752 986 4803 ol
999 4753 1050 4802 line
1071 4768 1090 4802 r.
1127 4751 1183 4800 The
1199 4750 1282 4801 rubrio
1298 4750 1328 4799 oi
1342 4750 1384 4800 the
1403 4751 1504 4799 Preiace
1519 4750 1541 4799 is
1557 4758 1583 4799 nt

225 4816 269 4866 the
286 4816 380 4867 further
396 4817 445 4866 end
463 4816 493 4867 ol
505 4818 549 4868 the
565 4817 624 4868 line.

274 4879 286 4912 ³
302 4881 384 4931 Blank
396 4898 495 4933 erasure
506 4882 569 4933 alter
583 4884 655 4935 ‘.N.'.
691 4883 747 4933 The
758 4883 886 4933 cancelled
897 4883 966 4933 word
979 4898 1039 4943 was,
1055 4883 1067 4931 1
1079 4882 1162 4940 think,
1176 4881 1236 4931 ‘ub'

274 4946 286 4976 ⁴
301 4947 364 4997 This
375 4948 430 4997 title
441 4949 463 4998 is
473 4948 500 4997 in
512 4949 554 4999 the
565 4956 636 4998 outer
647 4949 745 5014 margin
756 4948 861 4998 marked
872 4964 900 4998 as
911 4948 965 4998 that
976 4964 1009 4997 on
1025 4964 1102 5010 μου.
1117 4945 1179 5011 (13).

274 5010 285 5042 θ
303 5013 399 5063 Accent
410 5014 436 5063 in
450 5013 507 5063 MS.
519 5029 552 5063 on
564 5014 616 5063 first
628 5014 733 5078 syllable
744 5014 773 5064 ol
783 5013 904 5063 ‘eadem'

275 5074 340 5142 ⁸By
356 5078 399 5127 the
421 5078 502 5128 initinl
524 5078 594 5128 there
616 5080 703 5129 stands
724 5096 740 5129 a
762 5079 834 5128 small
857 5078 975 5155 carelully
992 5077 1117 5143 pencilled
1139 5078 1240 5126 manual
1263 5093 1337 5127 cross
1375 5077 1468 5126 across
1488 5077 1507 5126 it
1528 5076 1583 5124 isa

226 5142 298 5191 small
315 5143 425 5208 slanting
440 5145 525 5194 stroke
542 5143 624 5193 which
642 5160 700 5209 may
715 5145 780 5194 have
796 5145 860 5195 been
876 5144 1049 5207 intentionally
1067 5144 1148 5192 made.

313 5256 351 5305 M.
367 5256 400 5306 R.

1461 5255 1497 5321 17
