4109 6275
457 775 502 853 64
717 782 908 836 DOMINICA
930 782 1077 834 DECIMA
1099 783 1218 834 SEXTA
1243 783 1333 834 POST
1356 785 1436 835 OCT.
1461 784 1567 834 PENT.

458 958 528 1025 todi
540 959 689 1023 animam
704 958 1117 1041 meamquenmmsanctus
1167 969 1202 1023 tn
1231 960 1360 1024 demine
1387 960 1503 1024 suanis
1530 981 1569 1023 ac
1602 959 1694 1023 mitis
1727 980 1760 1022 cs
1788 968 1825 1026 ,et

457 1068 539 1111 sum.
582 1049 678 1110 (irad
726 1045 854 1110 Bonum
882 1056 931 1110 est
961 1046 1118 1131 confidere
1165 1048 1305 1130 copiosus
1319 1049 1355 1112 in
1372 1048 1594 1112 misericordia
1608 1046 1757 1111 omnibus
1772 1046 1821 1109 in-

460 1134 495 1198 in
510 1134 640 1198 dommo
654 1155 753 1217 qnam
767 1133 923 1217 confidere
932 1133 969 1198 in
979 1133 1115 1198 tremine.
1167 1136 1353 1199 necantibus
1370 1145 1407 1199 te.
1451 1136 1499 1196 l's
1546 1134 1675 1198 lnclr’rm
1694 1134 1823 1198 domine

462 1222 541 1285 Vcrs
586 1221 714 1285 Bonum
729 1232 777 1285 est
788 1232 916 1304 sperare
930 1221 965 1285 in
986 1222 1116 1285 domino
1166 1234 1388 1287 anremtuam
1421 1223 1522 1285 (irad.
1566 1222 1820 1304 Timebnntgen-

458 1330 557 1392 qnam
574 1320 702 1391 sperare
721 1309 757 1373 in
769 1308 980 1393 principibus.
1025 1308 1115 1372 Alle-
1166 1320 1213 1372 tes
1227 1329 1340 1373 nomen
1356 1320 1449 1373 tuum
1463 1320 1495 1373 et
1508 1331 1617 1374 ornnes
1636 1329 1725 1392 reges
1739 1321 1821 1373 terre

459 1396 538 1461 luia.
586 1395 750 1475 Quoniam
779 1396 857 1460 dens
886 1416 1026 1480 magnus
1059 1394 1115 1459 de
1160 1396 1305 1478 glermm
1350 1406 1449 1460 tuam.
1514 1397 1593 1458 ts'crs
1659 1396 1820 1476 Quoniam

459 1484 570 1548 minus
588 1494 620 1547 et
639 1504 696 1548 ren
716 1504 857 1567 magnus
875 1495 973 1567 snper
990 1503 1115 1546 ornnem
1165 1483 1331 1567 edificauit
1349 1484 1500 1548 dominns
1518 1504 1596 1565 syon
1614 1495 1646 1549 et
1660 1484 1824 1547 uidebitur

458 1582 591 1635 terram.
637 1575 735 1653 offert.
795 1571 977 1653 Expectans
1011 1581 1115 1652 εκμε-
1167 1571 1202 1634 in
1229 1573 1396 1636 maiestate
1418 1593 1488 1636 sua.
1532 1571 1679 1636 Alleluia
1733 1568 1815 1629 I'ers.

459 1658 534 1722 tani
554 1658 722 1721 deminum
743 1668 775 1721 rt
796 1658 931 1741 respexit
950 1678 1000 1721 me
1016 1667 1049 1721 et
1064 1678 1115 1720 ex·
1170 1657 1376 1743 Confitemini
1395 1661 1577 1723 deminuet
1601 1660 1746 1723 inuocate
1766 1679 1819 1721 ne-

459 1745 592 1810 andiuit
627 1745 875 1829 deprecamenem
913 1766 1018 1809 meam
1049 1793 1055 1808 .
1085 1753 1117 1808 et
1167 1766 1239 1808 rnen
1268 1748 1338 1809 eins
1369 1747 1562 1810 annunciate
1596 1746 1683 1811 inter
1711 1756 1821 1830 gentes

461 1833 600 1898 immisit
614 1835 651 1896 in
661 1854 696 1896 os
708 1854 813 1896 meum
824 1832 983 1896 cantinem
995 1853 1115 1895 nonum
1166 1844 1259 1915 opera
1273 1833 1349 1897 eins.
1390 1834 1489 1912 (ssent.
1532 1833 1673 1897 Domine
1689 1834 1723 1898 in
1741 1854 1820 1897 anx·

452 1941 593 2003 ymnum
602 1921 782 1984 deonostre.
815 1921 899 1985 Com.
947 1919 1016 1999 Qui
1024 1940 1115 1982 man·
1167 1920 1263 1986 ilium
1283 1942 1388 1984 meum
1408 1922 1522 2004 respice
1534 1921 1780 2004 confundantur
1790 1931 1821 1983 et

459 2008 557 2072 ducat
571 2008 715 2081 licernem
735 2027 839 2071 meam
859 2017 890 2070 et
909 2006 990 2073 bibit
1008 2027 1115 2070 meum
1167 2018 1376 2072 reuereantnr
1408 2009 1468 2092 qni
1500 2018 1641 2093 querunt
1672 2008 1819 2072 animam

458 2096 651 2178 sanguinem
677 2094 712 2158 in
739 2116 789 2158 me
815 2105 924 2158 manet
945 2104 978 2158 et
1001 2116 1057 2178 ege
1081 2094 1116 2158 in
1167 2116 1271 2160 meam
1292 2106 1330 2160 nt
1343 2097 1591 2179 auferanteam.
1632 2121 1705 2159 corn.
1755 2096 1820 2159 De

459 2204 493 2246 eo
506 2182 587 2247 dicit
600 2182 759 2245 deminus.
1168 2182 1255 2246 mine
1276 2184 1474 2249 memorabor
1495 2183 1620 2248 iusticie
1645 2194 1698 2247 tue
1722 2183 1821 2248 selt'ns

1166 2270 1245 2333 dens
1257 2271 1397 2335 demsisti
1414 2293 1464 2335 me
1482 2294 1505 2335 α
1525 2271 1691 2336 iuuentute
1707 2292 1777 2335 mea
1790 2281 1822 2334 et

634 2346 932 2395 ‘’OSTCOMM'JN'O·
1167 2378 1265 2440 usque
1279 2359 1315 2421 in
1328 2370 1484 2423 semeiam
1499 2368 1531 2423 et
1547 2359 1674 2424 senium
1691 2359 1770 2423 dens
1783 2379 1821 2422 ne

464 2433 671 2571 purificent
713 2455 845 2518 semper
884 2445 919 2498 et
963 2434 1116 2498 muniant
1166 2444 1370 2528 derelinqms
1386 2468 1444 2511 me,

543 2532 602 2587 tua
627 2531 838 2587 sacramenta
869 2542 929 2585 nos
958 2524 1042 2586 deus
1057 2570 1064 2584 .
1081 2529 1116 2586 et

460 2610 504 2674 ad
542 2619 725 2693 perpetuae
757 2610 884 2675 ducant
917 2608 1116 2673 saluationis
1341 2614 1640 2666 ΡοετοοΜΜυΝιο.

460 2697 615 2762 effectum
634 2719 641 2761 :
657 2717 717 2779 per
741 2697 927 2760 dominum·
1175 2715 1350 2842 &flentes
1374 2719 1505 2773 nostras
1526 2719 1562 2773 et
1582 2730 1723 2793 corpora
1744 2731 1818 2793 pos-

1276 2796 1385 2860 sideat
1425 2795 1577 2879 'domine
1618 2818 1819 2880 quaesumus

1167 2882 1247 2946 doni
1285 2884 1437 2947 caelestis
1473 2885 1654 2968 operatio.
1678 2895 1716 2949 ut
1754 2905 1819 2948 non

589 2952 840 3014 ⁰0M¹N¹0A
860 2997 867 3012 ·
885 2951 979 3011 ΧἫ·
1168 2979 1281 3034 noster
1300 2991 1418 3034 sensus
1437 2971 1469 3034 in
1489 2972 1608 3038 nobis.
1624 2973 1683 3036 sed
1703 2973 1821 3055 iugiter

455 3072 485 3130 Ᾰ.
524 3072 658 3127 Miserere
671 3071 740 3128 mihi
753 3070 868 3127 domine
881 3071 1015 3143 quoniam
1028 3070 1066 3125 ad
1079 3081 1115 3125 te
1167 3058 1238 3122 eius
1254 3059 1448 3142 praeueniat
1463 3057 1601 3124 effectus
1618 3082 1625 3124 :
1642 3081 1708 3144 per.

716 3202 854 3252 ΟΒΑΤΙΟ.

559 3310 745 3361 ccuusmu
801 3309 908 3360 ‘sunu
963 3309 1116 3360 nonme
1291 3283 1542 3348 ὓΟΜΙΝΙΟΑ
1562 3330 1569 3343 .
1587 3281 1699 3342 ΧΨΙΙ.

583 3397 789 3448 MlSERATlo
809 3385 1004 3447 continuata
1021 3404 1116 3447 mun-

461 3472 521 3535 det
537 3482 571 3535 et
591 3473 741 3535 muniat.
758 3481 792 3534 et
812 3471 890 3553 quia
911 3471 982 3535 sine
998 3482 1032 3534 te
1048 3491 1115 3533 non

462 3566 574 3642 potest
589 3557 683 3622 salua
698 3560 969 3622 consistere.tuo
984 3578 1117 3641 semper
1228 3561 1369 3612 BSOLUE
1404 3561 1633 3625 QUAESUMUS
1669 3562 1820 3614 DOMINE

463 3665 598 3709 munere
621 3646 823 3727 gubernetur
838 3667 845 3708 ε
861 3667 926 3728 per.
1255 3649 1414 3700 TUORUM
1429 3649 1590 3701 DELICTA
1603 3637 1819 3720 populorum.

1169 3733 1206 3787 ut
1217 3744 1237 3787 a
1250 3732 1463 3805 peccatorum
1477 3733 1663 3788 nostrorum
1679 3726 1820 3789 nexibus

577 3892 580 3895 ,
705 3806 867 3855 SEORETA·
1168 3830 1256 3892 quae
1291 3831 1351 3893 pro
1385 3820 1498 3874 nostra
1531 3810 1711 3894 fragilitate
1743 3833 1819 3876 con·

461 3900 574 4029 Tua
591 3919 651 3961 nos
667 3898 803 3962 domine
819 3908 1027 3962 sacramenta
1044 3919 1116 3962 cus·
1169 3897 1334 3960 traximus
1361 3946 1368 3960 .
1399 3907 1457 3960 tua
1494 3897 1704 3982 benignitate
1742 3899 1819 3963 libe-

553 3987 685 4050 todiant
701 4036 707 4050 .
724 3995 756 4049 et
787 3994 903 4049 contra
932 3984 1117 4049 diabolicos
1170 4005 1279 4047 remur
1296 4007 1303 4046 :
1319 4005 1385 4068 per.

461 4083 618 4138 tueantur
640 4093 771 4156 semper
795 4072 943 4136 incursus
961 4093 968 4136 :
984 4093 1050 4156 per.

1230 3422 1260 3480 Ᾰ.
1300 3424 1394 3477 Iustus
1412 3440 1443 3477 es
1461 3423 1575 3479 domine
1593 3435 1622 3479 et
1640 3434 1756 3480 rectum

1410 4135 1572 4184 ΒΕΟΒΕΤΑ.

678 4241 901 4292 ΡΗΑΕΡΗΑΤΙΟ.
1177 4232 1267 4360 Pro
1289 4234 1422 4287 nostrae
1445 4226 1616 4289 seruitutis
1640 4237 1820 4309 augmento

645 4381 687 4392 ..
793 4360 806 4383 a
911 4378 949 4390 ,,
1251 4309 1448 4375 sacrificium
1463 4312 1600 4376 domine
1616 4313 1724 4378 laudis
1742 4313 1820 4377 offe-

546 4382 721 4443 D⁰⁷tl²⁷²²ffl
738 4430 743 4441 ·
760 4397 789 4444 X
794 4397 804 4442 ¹
809 4397 850 4443 7.
866 4378 934 4459 ‘'ffis
936 4399 1002 4439 ΨΜ
1008 4385 1024 4440 ¹·
1169 4399 1272 4462 rimus
1295 4447 1302 4461 .
1326 4409 1362 4462 ut
1388 4399 1478 4480 quod
1508 4399 1682 4464 immeritis
1705 4413 1821 4465 contu·

461 4490 679 4623 Miserere
700 4487 800 4552 rniclei
817 4487 946 4551 demine
963 4488 1117 4569 quorrmm
1169 4487 1258 4550 listi.
1276 4486 1438 4568 propitius
1460 4488 1638 4569 exequaris
1657 4509 1739 4571 :per
1763 4491 1821 4553 dn

578 4578 626 4640 ad
649 4586 679 4639 te
701 4575 845 4640 clernani
868 4584 934 4638 tota
959 4574 1014 4637 die
1039 4576 1119 4658 qnia
1169 4573 1297 4637 minum
1314 4572 1489 4638 nostrum¹.

730 4744 740 4797 ΙΙ
752 4739 796 4789 fol.
807 4739 849 4802 65.
1429 4738 1434 4803 Ι
1446 4739 1492 4791 sol.
1503 4739 1565 4805 ⁶511.

512 4915 521 4948 ¹
538 4917 594 4967 The
611 4916 697 4967 erased
715 4915 816 4965 Presnce
836 4914 904 4964 filled
922 4914 1008 4978 nearly
1026 4931 1103 4965 seven
1122 4914 1192 4976 lines,
1212 4915 1243 4978 65
1265 4913 1392 4983 (13-19).
1434 4916 1551 4982 Nothing
1569 4916 1681 4968 mnives
1701 4917 1747 4968 but
1769 4917 1821 4968 ‘ss'

462 4998 524 5035 near
534 4983 577 5033 the
588 4982 636 5031 end
648 4980 677 5031 os
686 4981 729 5030 the
739 4980 806 5030 sixth
818 4979 876 5030 line.
914 4980 1007 5037 Initia.
1018 4996 1047 5030 as
1058 4982 1138 5038 usual,
1149 4981 1199 5031 eud
1211 4981 1312 5031 mmual
1323 4997 1397 5032 crum.

512 5047 524 5078 ²
542 5048 620 5103 Here,
637 5047 704 5109 6511.
723 5048 783 5107 (ιι),
800 5044 883 5094 follow
902 5055 981 5096 traces
997 5045 1027 5094 of
1040 5046 1127 5096 erased
1144 5046 1240 5105 rubric3
1263 5046 1306 5097 the
1324 5046 1425 5097 Preseee
1441 5046 1510 5096 filled
1527 5064 1603 5098 seven
1620 5046 1693 5099 lines.
1728 5049 1819 5109 initiat

463 5130 492 5164 as
507 5112 588 5167 usual,
605 5112 655 5161 and
672 5112 772 5160 manuel
790 5126 866 5161 eroes.
