4109 6275
868 770 1004 822 SANCTI
1027 770 1228 822 PRAEIECTI
1252 771 1453 825 Munatius.

700 951 922 1001 PRAEPHATiO.
1435 962 1596 1009 ςῑρῃΕΤΑ,

541 1044 665 1111 ιίοέττί
677 1047 803 1111 credidi
815 1058 846 1111 et
855 1057 960 1111 certus
969 1068 1044 1111 sum
1057 1046 1136 1129 quia
1190 1041 1354 1176 Suscipe
1370 1061 1574 1124 quaesumus
1589 1040 1727 1104 domine
1742 1042 1844 1106 orati·

550 1145 731 1217 potensest
749 1135 925 1216 depositum
944 1156 1051 1198 meum
1071 1154 1136 1198 ser-
1261 1148 1360 1192 onem
1386 1139 1535 1192 nostram
1563 1148 1639 1192 cum
1667 1129 1846 1193 oblationi·

483 1243 561 1285 aare
576 1222 611 1284 in
626 1222 721 1286 illum
738 1222 833 1286 diem.
872 1220 920 1280 l‘s
964 1222 1138 1304 Derclr'quo
1188 1216 1251 1280 bus
1280 1215 1464 1280 hostiarum
1481 1266 1487 1279 .
1504 1215 1794 1299 superimpositis.
1811 1226 1846 1281 et

483 1309 620 1390 reposita
651 1319 699 1372 est
730 1308 832 1373 michi
858 1330 973 1374 corona
1003 1309 1137 1373 iusticie.
1189 1304 1344 1386 martyris
1390 1304 1438 1367 tui
1484 1316 1681 1367 PRAEIECH
1727 1304 1846 1386 depre-

486 1394 616 1472 cpislnla
673 1396 799 1460 Saulus
827 1396 875 1460 ad
905 1395 968 1459 lruc
997 1398 1136 1479 spirans.
1188 1392 1320 1454 catione
1346 1391 1464 1472 pietati
1491 1400 1569 1454 tuae
1598 1389 1650 1454 sac
1680 1390 1847 1473 benignus

486 1480 585 1541 (irad.
646 1482 789 1546 Domine
817 1484 1000 1566 preuenisti
1061 1481 1138 1544 l'crs
1187 1487 1360 1559 acceptam
1384 1528 1391 1541 .
1414 1488 1449 1543 et
1483 1476 1573 1541 iiiam
1611 1498 1699 1560 quae
1734 1478 1766 1540 in
1804 1498 1846 1541 eo

491 1568 602 1634 Vitam
629 1569 735 1652 peciit.
788 1570 935 1634 Alleluia
989 1570 1139 1653 Magnus
1188 1562 1343 1646 flagrauit
1374 1564 1467 1629 iortts
1497 1563 1712 1629 diiect10.m
1747 1565 1846 1628 nobis

481 1667 613 1721 sanctus
635 1658 759 1739 paulus
788 1678 849 1720 uas
877 1657 1037 1721 eleccionis
1066 1677 1139 1720 vere
1188 1652 1298 1734 aspira
1321 1652 1507 1735 benignus.
1524 1673 1593 1735 per.

481 1743 580 1828 digne
592 1755 640 1809 est
648 1744 886 1843 glorrficondus
902 1744 963 1828 qui
974 1755 1006 1843 el
1020 1744 1140 1835 meruit
1369 1796 1658 1845 postcommuio

483 1830 634 1951 timum
654 1831 718 1895 duo
731 1831 889 1895 ‘immam
900 1831 1086 1925 ‘’mm‘’
1103 1850 1138 1887 m
1199 1880 1361 2013 Uotiua
1390 1879 1527 1943 domine
1553 1900 1614 1963 pro
1640 1835 1730 1944 beati
1753 1869 1846 1943 xmar·

484 1968 545 2029 lxx.
596 1967 627 2028 T
625 1977 700 2028 met.
753 1969 802 2032 Tu
830 1990 864 2032 es
892 1990 954 2033 uas
980 1969 1141 2033 eleccionis
1290 1967 1375 2050 tyris
1395 1968 1443 2030 tui
1468 1979 1666 2030 PRnsslssc'rl
1690 1967 1847 2049 passione

481 2068 590 2120 sancte
610 2056 705 2138 paule
725 2058 863 2138 apostole
887 2077 960 2120 uere
984 2056 1083 2140 degne
1107 2076 1140 2119 cs
1189 2053 1280 2119 dona
1310 2055 1548 2137 percepimus.
1572 2074 1774 2137 quaesumus
1809 2063 1848 2118 ut

478 2143 722 2227 glorificandus.
806 2140 884 2203 Vers
947 2143 1142 2207 Predr'cator
1188 2143 1259 2206 eius
1289 2141 1443 2224 precibus
1472 2152 1507 2205 et
1538 2142 1724 2224 praesentis
1754 2142 1847 2205 uitae

483 2231 634 2295 ueritatis
656 2241 688 2294 et
710 2231 819 2294 doctor
838 2231 988 2314 gencium
1015 2231 1051 2294 in
1068 2229 1141 2314 fide
1189 2230 1286 2293 nobis
1315 2229 1440 2312 pariter
1467 2237 1501 2292 et
1531 2240 1687 2292 aeternae
1717 2228 1847 2292 tribuas

482 2328 516 2381 et
550 2318 693 2382 ueritate.
746 2315 823 2377 l'ers
868 2318 938 2381 Per
968 2327 998 2381 tc
1032 2338 1140 2380 omnes
1188 2316 1339 2380 conferre
1361 2315 1549 2379 subsidium
1566 2341 1572 2380 :
1588 2336 1656 2398 per.

478 2414 589 2488 gentes
631 2414 847 2487 cognorerunt
882 2405 1035 2488 graciam
1078 2404 1138 2469 der.

493 2489 571 2552 rm
615 2490 1139 2575 intercedepronobzkaddeum
1219 2518 1441 2580 uotiuum
1477 2517 1705 2578 sunctae
1742 2517 1820 2578 ne·

483 2579 712 2662 quiuelegrt.
755 2598 857 2638 fuat
904 2577 1004 2643 Dixit
1028 2600 1139 2661 symon
1307 2600 1454 2662 ueris
1481 2600 1729 2661 umanum

477 2676 600 2750 perne.
643 2664 737 2743 offert
780 2665 821 2729 In
854 2686 978 2729 omnem
1016 2675 1139 2730 terram

482 2752 587 2816 uiuit
603 2773 701 2832 sonus
720 2773 827 2816 eorum
846 2763 879 2816 et
898 2753 932 2816 in
945 2754 1035 2837 fines
1054 2753 1142 2817 orbis
1374 2725 1403 2783 Ᾰ·
1440 2731 1557 2786 Vultum
1576 2739 1664 2785 mum·

484 2849 568 2903 terre
599 2839 696 2903 uerba
730 2861 846 2903 eorum.
905 2859 971 2898 cam
1031 2842 1140 2903 Amen
1267 2850 1849 2914 eusQu1u0sAuuuaasarAe

484 2926 553 2989 dr‘co
573 2926 663 2990 uobis
680 2928 768 3010 quod
785 2948 842 2991 uos
860 2927 921 3009 qui
939 2926 1141 3010 relinqrrrltlis
1286 2937 1450 2988 AGNETIS
1467 2926 1632 3007 MARtyris
1645 2935 1722 2989 tuae
1737 2926 1849 2988 soien-

484 3013 594 3077 omnia
615 3023 647 3075 et
665 3013 766 3078 secuti
784 3013 861 3078 estis
885 3034 934 3077 me
957 3013 1139 3096 centuplum
1190 3013 1296 3076 nitate
1312 3010 1472 3076 laetificas
1488 3013 1555 3076 :da
1570 3022 1724 3095 utquam
1747 3032 1849 3075 uene-

482 3100 643 3185 acciperis
670 3110 701 3165 et
729 3101 834 3166 ur'tam
863 3111 1007 3167 eternam
1035 3101 1140 3185 possi-
1190 3119 1303 3164 ramur
1328 3097 1460 3165 officio.
1476 3101 1578 3164 etiam
1606 3100 1681 3183 piae
1707 3119 1849 3165 conuer-

483 3188 607 3254 debitis.
1190 3187 1347 3261 lisationis
1391 3207 1524 3271 semper
1565 3208 1745 3271 sequamur
1786 3208 1849 3251 ex·

663 3298 960 3345 postcommunio.
1189 3273 1303 3359 empio
1322 3298 1328 3338 :
1345 3294 1411 3357 per.

516 3382 631 3446 ‘atiati
681 3380 835 3446 salutaris
885 3382 933 3446 tui
979 3383 1141 3464 mysterio
1434 3393 1597 3440 stonttn.

559 3487 761 3549 quaesumus
809 3470 945 3533 domine
994 3481 1031 3533 ut
1079 3489 1141 3552 pro
1192 3479 1326 3605 Super
1363 3476 1424 3540 has
1464 3497 1669 3560 quaesumus
1710 3479 1850 3544 domine

487 3555 584 3619 nobis
602 3556 672 3617 eius
694 3574 760 3618 non
780 3555 867 3619 desit
885 3555 1014 3620 oratio.
1033 3556 1141 3638 leuius
1264 3563 1393 3627 hostias
1415 3563 1604 3629 benedictio
1627 3576 1685 3630 tua
1710 3568 1849 3648 copiosa

486 3642 618 3705 donasti
634 3642 820 3723 patrocinio
834 3643 1011 3725 gubernari
1030 3664 1118 3726 :pet
1190 3650 1486 3734 descendat.quae
1497 3662 1533 3716 et
1548 3652 1848 3718 sanctificationem

1192 3738 1289 3802 uobis
1317 3737 1500 3802 elementer
1529 3747 1721 3822 operetur⁴.
1738 3751 1774 3806 et
1803 3741 1848 3805 de

488 3849 668 3911 suncti
715 3852 975 3912 ΡττΑειεοτι
1021 3851 1139 3911 mun·
1192 3825 1320 3926 beatae.
1355 3838 1520 3927 AGNETJS
1571 3828 1726 3910 martyris
1769 3838 1849 3894 tuae

729 3934 823 3995 TYR
834 3935 840 3993 ι
851 3934 899 3995 3²,
1191 3913 1392 3976 solennitate
1415 3912 1572 3979 laetificet
1588 3937 1595 3978 :
1611 3934 1677 3998 per.

742 4054 881 4103 ΟΒΑΤΙΟ.
1370 4051 1666 4102 postcommunio

551 4154 637 4203 eutr
662 4151 851 4202 uenturus
874 4152 940 4203 τυτ
968 4152 1140 4203 eramen
1191 4136 1432 4266 Sumpsimus
1458 4138 1594 4204 domine
1625 4143 1848 4208 caelebritatis

492 4164 543 4290 B
573 4241 645 4291 NOS
667 4245 870 4310 quaesumus
888 4225 1024 4289 domine
1043 4227 1142 4290 inter·
1267 4244 1398 4289 annuae
1442 4227 1558 4291 uotiua
1598 4240 1809 4295 sacramenta
1839 4281 1847 4296 .

486 4314 601 4378 uentio
640 4313 785 4397 gloriosa
825 4313 1040 4377 commendet
1066 4362 1073 4377 .
1105 4323 1142 4377 ut
1192 4320 1326 4395 praesta
1346 4332 1549 4395 quaesumus
1567 4336 1574 4379 :
1591 4325 1628 4379 ut
1648 4325 1683 4380 et
1700 4325 1847 4401 tempor·

485 4403 576 4484 quod
593 4401 714 4465 nostris
730 4400 860 4464 actibus
875 4419 941 4463 non
959 4419 1141 4464 meremur.
1192 4399 1253 4462 alis
1272 4398 1368 4462 nobis
1390 4401 1479 4464 uitae
1497 4404 1645 4467 remedia
1663 4404 1848 4486 praebeant

485 4489 557 4553 eius
572 4488 725 4572 precibus
740 4506 1006 4570 consequamur.
1021 4506 1090 4569 per.
1191 4495 1226 4550 et
1248 4495 1403 4550 aeternae
1424 4512 1431 4551 :
1445 4507 1512 4570 per.

744 4616 751 4678 1
761 4614 805 4665 iol.
820 4627 849 4679 77
858 4631 883 4665 v.
1459 4621 1469 4674 fl
1479 4616 1524 4667 iol.
1538 4620 1577 4683 78.

534 4775 544 4808 ¹
561 4776 676 4840 Nothing
692 4774 723 4825 oi
736 4775 779 4825 the
797 4775 962 4839 prefate—77
980 4776 1224 4840 (5—18i-remaius
1243 4778 1288 4828 but
1308 4784 1388 4828 trudes
1407 4777 1436 4828 oi
1452 4778 1542 4836 initial,
1560 4778 1633 4843 ‘que’
1650 4788 1677 4830 at
1694 4780 1737 4831 the
1753 4782 1803 4831 eud
1820 4782 1850 4831 os

485 4842 537 4892 line
551 4855 588 4904 17,
601 4841 660 4901 and,
675 4839 769 4904 finally,
782 4840 828 4890 ‘do
840 4850 919 4891 torem
932 4875 939 4889 .
951 4857 996 4907 per
1007 4841 1145 4892 christum’
1178 4842 1303 4907 Margine}
1315 4858 1389 4893 crues

535 4904 546 4936 ⁸
562 4907 587 4956 Α
597 4906 670 4956 small
682 4906 744 4954 latin
754 4921 822 4955 eroes
833 4906 855 4955 is
866 4905 990 4970 peucilied
1002 4906 1028 4955 iu
1041 4907 1083 4957 tire
1095 4917 1165 4958 outer
1177 4908 1272 4972 margin
1283 4924 1300 4957 o
1319 4909 1400 4973 posite
1411 4909 1461 4960 this
1473 4908 1535 4961 title.

534 4969 546 5002 ⁸
560 4973 586 5021 A
597 4971 656 5029 line,
667 4971 766 5048 crosred
778 4970 804 5020 in
816 4970 848 5020 its
863 4986 942 5035 upper
957 4981 1012 5048 pert
1023 4988 1058 5021 on
1072 4985 1101 5036 77
1109 4989 1144 5033 ra,
1157 4973 1178 5022 is
1189 4974 1275 5050 drawn
1309 4990 1367 5050 own
1378 4976 1422 5029 the
1432 4975 1611 5051 outerumnrgin
1622 4976 1652 5026 oi
1660 4976 1710 5026 this
1722 4977 1799 5038 Mass,
1813 4993 1847 5027 on

488 5048 518 5099 ⁷⁷
524 5037 708 5151 ¹1⁴’iiiiiitztiraiii
718 5035 1599 5170 anewig&sstffingefflpffissgffigffim
1609 5106 1690 5157 either
1700 5108 1779 5160 word.
