4109 6275
773 810 845 861 PRO
869 810 1091 862 DEFUNCTIS.
1554 814 1610 880 151

251 1015 400 1064 carnem
427 1007 466 1065 et
489 991 584 1066 bibit
609 1018 732 1066 meum
759 992 906 1090 sangui·
1059 995 1272 1066 Secundum
1300 996 1519 1091 Johannem.

253 1118 337 1167 nem
362 1092 476 1167 habet
500 1094 615 1168 Uitam
636 1111 830 1168 eteniam·
855 1093 907 1167 Et
1012 1142 1038 1190 N
1063 1117 1162 1191 illis:
1185 1118 1291 1193 Dixit
1315 1119 1487 1193 dominus
1516 1120 1614 1193 iesus

253 1221 325 1293 ego
351 1195 581 1270 resuscitabo
607 1221 692 1269 eurn
720 1196 756 1269 in
785 1195 907 1269 nouis·
972 1142 1002 1301 l
1037 1218 1227 1316 discipulis
1269 1221 1346 1293 suis
1378 1280 1385 1295 ⁸
1418 1237 1456 1295 et
1497 1221 1615 1294 turbis

252 1297 347 1370 simO
364 1296 435 1370 die·
960 1320 1153 1395 iudeorum
1189 1379 1197 1396 .
1237 1321 1363 1396 Omne
1405 1322 1507 1419 quod
1550 1322 1616 1397 dat

961 1421 1072 1495 michi
1101 1438 1207 1520 pater
1237 1422 1286 1496 ad
1317 1448 1377 1497 me
1403 1424 1529 1497 ueniet
1549 1450 1556 1496 :
1576 1439 1615 1498 et

358 1497 572 1569 Sssfflssdum
592 1497 811 1592 JOhiissssfim·
959 1549 1045 1597 eum
1064 1524 1127 1620 qui
1143 1524 1245 1598 uenit
1258 1523 1306 1597 ad
1322 1550 1381 1598 me
1396 1549 1471 1599 non
1484 1525 1614 1599 eiciam

307 1659 332 1708 N
358 1633 428 1708 illis
451 1634 588 1708 :Dixit
611 1634 784 1708 dominus
810 1635 908 1707 iesus
961 1623 1060 1698 foras
1085 1682 1092 1698 ·
1118 1625 1207 1722 quia
1241 1625 1418 1699 descendi
1452 1625 1500 1700 de
1535 1625 1617 1700 celo

267 1663 443 1822 Iturbis
458 1735 791 1811 iudeorum.Sicut
803 1753 909 1833 pater
961 1751 1036 1799 non
1097 1742 1139 1799 ut
1193 1726 1324 1801 faciam
1385 1726 1615 1801 uoluntatem

254 1839 407 1912 suscitat
441 1854 608 1911 mortuos
643 1856 681 1911 et
716 1837 907 1911 uiuificat:
962 1854 1083 1902 meam
1114 1854 1122 1900 ἰ
1148 1845 1206 1901 set
1253 1826 1483 1902 uoluntatem
1536 1829 1616 1903 eius

254 1940 306 2014 sic
324 1956 363 2014 et
381 1938 477 2012 filius
497 1965 592 2036 quos
614 1938 694 2012 uult
718 1938 905 2012 uiuificat.
960 1929 1024 2026 qui
1052 1929 1152 2004 misit
1178 1956 1264 2004 me.
1290 1929 1375 2003 Hec
1402 1949 1460 2004 est
1490 1948 1615 2005 autem

258 2041 394 2138 Neque
448 2041 549 2114 enim
605 2056 711 2138 pater
772 2039 909 2114 iudicat
961 2029 1134 2146 uoluptas
1178 2032 1258 2104 eius
1301 2032 1364 2129 qui
1409 2032 1508 2105 misit
1555 2057 1615 2149 me

255 2168 480 2241 quemquam
498 2169 505 2215 :
524 2161 582 2216 set
603 2167 715 2216 omne
733 2141 908 2215 iudicium
961 2147 1077 2229 patris
1106 2159 1114 2204 :
1142 2148 1183 2206 ut
1216 2158 1328 2207 omne
1370 2132 1471 2230 quod
1512 2131 1618 2207 dedit

255 2243 358 2317 dedit
385 2243 486 2317 filio.
509 2259 550 2316 ut
576 2269 707 2318 omnes
734 2242 907 2317 honorifi-
961 2232 1073 2306 mIchi
1110 2258 1184 2307 non
1216 2233 1370 2331 perdam
1401 2260 1449 2308 ex
1482 2259 1529 2308 eo
1559 2251 1617 2308 set

255 2364 341 2419 cent
375 2344 489 2418 filiurn
529 2345 624 2418 sicut
665 2344 910 2419 honorificant
962 2335 1181 2409 resuscitem
1218 2333 1307 2409 illud
1339 2335 1375 2408 in
1412 2336 1617 2410 nouissimo

256 2464 398 2544 patrem
427 2504 435 2520 .
466 2446 540 2542 Qui
578 2471 651 2519 non
691 2446 909 2521 honorificat
962 2435 1023 2509 die
1053 2492 1060 2507 .
1093 2435 1178 2510 Hec
1213 2453 1272 2510 est
1309 2436 1407 2509 eninr
1444 2435 1617 2511 uoluntas

256 2546 369 2621 filium
392 2573 493 2622 :non
521 2547 739 2622 honorificat
764 2565 908 2645 patrem
962 2537 1079 2634 patris
1115 2538 1188 2611 mei
1222 2537 1286 2634 qui
1323 2538 1433 2629 imisit
1469 2564 1529 2612 me
1550 2555 1618 2613 :ut

254 2650 316 2747 qui
354 2650 453 2722 misit
488 2647 615 2722 illum.
639 2649 763 2723 Amen
799 2675 909 2723 amen
962 2638 1084 2713 omnis
1102 2639 1164 2736 qui
1184 2638 1286 2713 uidet
1305 2638 1419 2712 filium
1438 2654 1477 2713 et
1500 2639 1618 2714 credit

256 2750 340 2825 dico
375 2751 511 2825 uobis:
535 2751 623 2848 quia
655 2751 719 2847 qui
754 2751 909 2824 uerbum
962 2740 1000 2813 in
1018 2767 1102 2814 eum
1124 2740 1260 2815 habeat
1280 2742 1397 2814 uitam
1420 2757 1615 2816 eternam.

199 2940 201 2945 Ι
258 2878 382 2926 meum
417 2851 522 2926 audit
556 2868 595 2926 et
629 2851 747 2926 credit
781 2852 815 2926 ei
845 2852 909 2949 qui
965 2841 1018 2915 Et
1052 2868 1126 2940 ego
1161 2842 1389 2916 resuscitabo
1429 2869 1514 2916 eum
1545 2871 1553 2917 :
1581 2844 1617 2916 in

258 2954 358 3027 misit
376 2980 435 3027 me
454 2953 568 3028 habet
584 2953 700 3027 uitam
718 2971 906 3027 eternam.
964 2943 1168 3018 nouissimo
1193 2943 1266 3017 die.

262 3055 312 3128 Et
335 3056 372 3128 in
397 3055 571 3129 iudicium
600 3080 673 3129 non
702 3055 805 3128 uenit
826 3073 910 3128 :set

257 3159 411 3233 transiet
427 3184 451 3231 a
468 3174 588 3232 morte
607 3158 643 3230 in
662 3157 788 3231 uitam.
1090 3100 1161 3173 Pro
1188 3101 1497 3174 benefactoribus,

976 3218 1215 3380 Miserere
1227 3243 1454 3314 quaesumus
1467 3218 1618 3293 domine

1102 3318 1297 3392 animabus
1321 3320 1487 3393 omniurn
1506 3320 1619 3395 bene-

965 3421 1145 3496 factorum
1202 3437 1411 3495 nostrorum
1468 3420 1619 3495 desunc-

268 3529 336 3689 ΙΝ
354 3506 487 3580 diebus
505 3505 678 3579 iiiiS.Vi1'
691 3506 913 3581 sOl'tiSSimUS
964 3539 1088 3597 tofum
1126 3537 1165 3595 et
1202 3521 1250 3595 de
1289 3521 1479 3596 beneficiis
1522 3549 1619 3621 quae

336 3607 423 3682 iuda
451 3606 652 3682 COliacifflle
683 3608 779 3682 sacta
795 3635 803 3683 ἰ
822 3607 912 3682 dUO·
965 3624 1073 3699 nobis
1096 3622 1220 3722 largiti
1245 3639 1332 3697 sunt
1356 3625 1392 3697 in
1412 3625 1519 3699 terris
1537 3652 1618 3723 pre-

258 3709 377 3784 decim
413 3707 514 3783 milia
553 3710 727 3809 dragmas
766 3711 911 3808 argenti
965 3727 1040 3799 mia
1085 3742 1214 3799 eterna
1261 3744 1538 3824 consequantur
1582 3727 1618 3800 in

258 3812 359 3885 misit
376 3810 625 3886 ierosolimam
644 3810 768 3885 offerri
791 3837 838 3885 ea
861 3811 911 3884 ibi
964 3826 1053 3902 celis
1080 3886 1088 3901 ,
1120 3827 1199 3900 Per.

258 3938 326 4010 pro
349 3912 511 4010 peccatis
538 3930 794 3987 mortuorum.
816 3913 912 3987 iuste

258 4032 297 4087 et
340 4012 512 4112 religiose
555 4013 603 4087 de
643 4014 912 4088 resurrectione
1097 4086 1105 4101 ,
1192 3973 1385 4046 semum
1560 4089 1568 4105 ·

258 4115 462 4214 cogitans.
495 4115 578 4188 Nisi
614 4115 713 4189 enim
748 4141 814 4189 eos
848 4115 912 4212 qui
969 4091 1157 4251 Susmpe
1188 4087 1257 4160 hec
1286 4112 1442 4162 munera
1468 4088 1620 4164 domme

258 4215 469 4291 ceciderant
515 4232 784 4290 resurrecturos
831 4243 914 4313 spe·
1054 4214 1122 4286 Ps0
1140 4188 1336 4305 animabus
1352 4213 1519 4305 Offmlum
1535 4214 1619 4264 nos-

260 4334 358 4391 raret
379 4316 632 4413 :superfluum
660 4317 849 4391 uideretur
875 4333 912 4391 et
965 4310 1106 4365 [mmm
1150 4307 1462 4408 feqfflesscesstffld}
1507 4291 1616 4366 bene·

259 4443 398 4491 uanum
426 4444 533 4492 orare
560 4444 629 4516 pso
655 4419 837 4492 mortuis,
862 4418 912 4492 Et
964 4392 1146 4509 sactorum
1160 4406 1199 4464 et
1209 4417 1278 4488 pro
1289 4390 1478 4466 beneficus
1490 4418 1619 4509 eorum

258 4519 347 4616 quia
369 4519 630 4594 considerabat
656 4520 757 4616 quod
785 4519 821 4592 hi
848 4519 912 4616 qui
964 4493 1100 4610 qurbus
1126 4508 1380 4609 sustentamur
1406 4492 1453 4566 da
1481 4519 1536 4569 ets
1565 4521 1619 4569 re-

259 4646 343 4693 cum
381 4619 520 4718 pietate
555 4619 818 4695 dormitionem
854 4646 912 4694 ac.
965 4594 1206 4669 tributronem
1225 4619 1262 4666 in
1288 4619 1405 4692 regno
1427 4593 1617 4670 celorum.

258 4737 434 4818 ceperant
463 4722 677 4819 :optimam
732 4720 914 4795 haberent
967 4696 1048 4770 Pes·
1413 4803 1419 4814 ι

260 4823 460 4920 repositam
473 4823 651 4921 gratiam.
670 4823 810 4897 Sancta
822 4847 914 4922 ergo
1143 4799 1446 4873 POStCOmmUfflO
1560 4915 1568 4931 .

260 4940 299 4998 et
332 4921 491 4998 salubris
529 4939 587 4998 est
626 4925 805 5024 cogitatio
846 4950 914 5021 pro
970 4916 1159 5076 Sumpta
1193 4931 1427 4989 sacramenta
1467 4914 1619 4990 domine

261 5025 445 5098 defunctis
481 5051 637 5100 exorare
667 5042 743 5100 :ut
773 5052 795 5098 a
830 5051 913 5122 pec·
1054 5015 1181 5090 abluat
1212 5041 1280 5089 nos
1310 5015 1465 5089 uinculis
1491 5042 1620 5114 pecca·

259 5125 351 5199 catis
377 5125 577 5200 soluantur.
1216 5157 1278 5221 μοι.
1293 5156 1370 5220 1642).

312 3364 441 3437 Lectio
460 3363 541 3435 libri
561 3365 859 3438 machabeorum.
