4109 6275
682 797 754 847 PRO
778 798 989 850 DEFUNCTIS
1013 800 1178 853 FEMINIS.

256 963 348 1024 PRO
377 965 662 1026 DEFUNCTlS
689 965 907 1027 Feminis,

254 1101 528 1324 QUAESUMUS
562 1104 713 1155 DOMINE
748 1114 809 1176 pro
846 1104 905 1159 tua

250 1263 298 1344 la

345 1177 471 1257 pietate
523 1178 678 1242 miserere
728 1182 905 1246 animabus

299 1261 464 1326 mularum
495 1273 627 1328 tuarum
651 1280 695 1330 .N.
719 1277 753 1331 et
780 1289 800 1331 a
826 1290 905 1333 con·

251 1350 350 1430 tagiis
381 1351 595 1415 mortalitatis
625 1356 820 1418 exutaS.in
851 1377 905 1420 ae·
956 1418 962 1430 ,

250 1446 364 1500 ternae
380 1436 576 1502 saluationis
591 1451 722 1523 partem
741 1443 878 1507 restitue
897 1467 904 1508 :

251 1530 331 1605 per¹.

496 1636 660 1684 secam.

257 1724 323 1850 H
334 1717 361 1780 is
373 1716 541 1781 sacrificiis
553 1739 756 1801 quaesumus
768 1722 905 1785 domine

354 1805 487 1868 animae
499 1804 700 1871 famularum
713 1804 845 1873 tuar'um
858 1822 903 1873 .N.

250 1912 270 1953 a
286 1892 431 1973 peccatis
449 1892 604 1956 omnibus
626 1906 815 1960 exuantur.
832 1896 905 1960 sine

251 1979 371 2061 quibus
392 1999 412 2040 a
430 1978 529 2062 culpa
551 2000 650 2043 nemo
667 1982 749 2045 liber
764 1984 903 2047 existit.

250 2075 287 2129 ut
302 2085 361 2147 per
376 2065 458 2128 haec
474 2066 549 2150 piae
564 2067 764 2149 placationis
775 2070 903 2134 officia.

250 2162 446 2236 perpetuam
489 2155 749 2219 misericordiam
788 2177 903 2221 conse-

250 2249 424 2321 quantur.
448 2237 529 2323 per'.

427 2391 724 2440 postcommunio,

255 2477 458 2622 [inueniant
509 2496 712 2558 quaesumus
767 2480 904 2544 domine

312 2565 443 2628 animae
474 2563 672 2629 famularum
700 2577 832 2630 tuarum
857 2580 904 2631 .Ν.

251 2651 334 2714 lucis
364 2659 521 2715 aeternae
550 2653 786 2718 consortium.
811 2655 903 2718 cuius

249 2748 430 2821 perpetuae
454 2740 581 2821 gratiae
604 2751 804 2805 consecutae
826 2751 904 2805 sunt

249 2836 493 2889 sacramentum
511 2849 518 2890 :
535 2824 617 2909 per⁸.

282 3043 373 3102 PRO
407 3042 562 3102 ΡΑΤΗΕ
597 3042 655 3100 ΕΤ
688 3040 873 3100 MATRE.

324 3166 394 3217 EUS
410 3167 477 3231 QUI
494 3174 555 3216 nos
571 3164 700 3237 patrem
714 3165 747 3219 et
760 3166 902 3219 matrem

341 3241 504 3304 honorare
520 3242 716 3324 praecepisti
728 3292 735 3306 .
746 3243 902 3306 miserere

248 3327 430 3392 clementer
441 3328 617 3392 animabus
627 3330 731 3411 patris
742 3331 902 3393 etmatris

250 3435 373 3479 meae.
397 3434 578 3498 eorumque
613 3416 727 3479 omnia
763 3426 901 3499 peccata

248 3503 410 3565 dimitte.
435 3520 555 3583 meque
587 3523 644 3565 eos
678 3504 711 3565 in
748 3514 902 3568 aeternae

248 3588 407 3653 claritatis
422 3590 547 3669 gaudio
564 3588 615 3652 fac
631 3591 745 3654 uidere
762 3611 770 3654 :
786 3612 852 3674 per.

491 3740 655 3788 ΒΕΟΗΕΤΑ.

249 3825 413 3958 Suscipe
432 3822 630 3887 sacrificium
651 3825 797 3889 domine
810 3828 900 3909 quod

321 3911 382 3975 tibi
418 3931 479 3994 pro
513 3911 690 3975 animabus
728 3915 831 3996 patris
867 3922 902 3978 et

249 4000 363 4063 matris
387 4018 481 4061 meae
504 3998 663 4063 offertur.
679 4000 793 4082 eisque
819 4021 900 4084 gau-

247 4087 340 4151 dium
367 4086 607 4168 sempiternum
634 4085 668 4149 in
694 4088 829 4170 regione
853 4090 901 4151 ui-

249 4193 365 4237 uorum
396 4173 572 4236 concede.
597 4193 718 4255 meque
751 4174 900 4240 felicitati

246 4270 437 4324 sanctorum
453 4259 620 4341 coniunge
638 4284 645 4323 :
660 4281 726 4343 per.

491 4395 496 4460 Ι
508 4395 553 4446 sol.
568 4396 614 4447 168
623 4414 648 4448 v.

1553 808 1609 875 ¹55

1121 982 1134 1041 tt
1149 991 1446 1041 postcommumo.

1019 1069 1152 1134 aelestis
1208 1072 1420 1155 participatio
1475 1073 1611 1136 domine

1041 1159 1240 1223 sacramenti
1262 1159 1440 1222 animabus
1458 1160 1561 1243 patris
1577 1170 1611 1224 et

955 1245 1070 1307 matris
1109 1265 1204 1309 meae
1241 1246 1392 1329 requiem
1431 1255 1465 1310 et
1502 1247 1610 1310 lucem

953 1332 1105 1396 obtineat
1136 1342 1362 1415 perpetuam.
1383 1354 1503 1416 meque
1533 1355 1609 1397 cum

954 1417 1018 1481 rllis
1048 1420 1157 1501 gratia
1187 1428 1246 1484 tua
1277 1431 1414 1485 coronet
1449 1430 1610 1484 aeterna:

954 1526 1021 1588 per.

957 1665 1049 1726 PRO
1068 1666 1243 1734 HlSQUl
1265 1668 1308 1726 ΙΝ
1329 1669 1610 1731 ΟΙΜΙΤΕΗΙΙΒ

1097 1749 1470 1819 maturescunt.

1030 1876 1098 1926 Etis
1121 1862 1215 1925 cuius
1240 1863 1452 1926 miseratione
1476 1865 1612 1927 animae

1050 1948 1197 2013 fidelium
1222 1949 1457 2032 requiescunt.
1476 1949 1610 2014 famulis

953 2046 987 2100 et
1011 2035 1200 2100 famulabus
1223 2037 1289 2099 tuis
1309 2036 1464 2100 omnibus
1485 2037 1554 2100 hic⁴
1575 2038 1608 2099 in

953 2123 1078 2187 christo
1096 2123 1344 2206 quiescentibus
1360 2172 1366 2186 .
1383 2123 1427 2186 da
1446 2124 1610 2206 propitius

954 2212 1089 2274 ueniam
1120 2220 1332 2293 peccatorum
1350 2259 1356 2273 .
1372 2219 1410 2272 ut
1434 2230 1454 2272 a
1480 2211 1610 2274 cunctis

954 2298 1101 2361 reatibus
1113 2297 1257 2361 absoluti
1268 2348 1274 2361 .
1285 2298 1357 2360 sine
1370 2296 1435 2360 fine
1448 2297 1610 2362 letentur:

954 2405 1020 2467 per.

1199 2481 1362 2531 seonetn.

1016 2580 1052 2622 ro
1075 2558 1251 2622 animabus
1278 2556 1477 2621 famulorum
1503 2557 1609 2622 famu-

1037 2645 1209 2729 larumque
1229 2655 1363 2709 tuarum
1384 2645 1437 2708 hic
1457 2646 1607 2709 omnium

953 2733 1195 2797 catholicorum
1211 2732 1450 2795 dormientium
1462 2732 1607 2797 hostiam

954 2820 1092 2882 domine
1107 2820 1238 2902 suscipe
1254 2820 1419 2901 benignus
1434 2819 1585 2882 oblatam
1602 2869 1609 2885 .

954 2917 991 2970 ut
1006 2906 1070 2969 hoc
1086 2906 1248 2970 sacrificio
1267 2906 1426 2989 singulari
1442 2955 1449 2970 .
1465 2905 1608 2969 uinculis

953 2992 1139 3058 horrendae
1175 2994 1311 3056 uisionis
1352 2993 1477 3056 exuti.
1502 2995 1607 3057 uitam

955 3091 1144 3146 mereantur
1166 3090 1336 3145 aeternam
1356 3099 1445 3162 :per.

1196 3213 1359 3263 seonetn.

1027 3313 1097 3363 Eus
1113 3298 1262 3362 fidelium
1276 3299 1388 3362 lumen
1401 3300 1608 3366 animarum.

1043 3388 1161 3450 adesto
1172 3385 1473 3468 supplicationibus
1485 3388 1608 3450 nostris

951 3483 986 3537 et
1015 3474 1061 3536 da
1092 3471 1225 3536 famulis
1255 3480 1289 3536 et
1320 3472 1508 3537 famulabus
1541 3475 1607 3538 tuis

951 3580 1094 3644 quorum
1117 3580 1257 3642 corpora
1283 3560 1336 3623 hic
1362 3570 1397 3624 et
1423 3561 1546 3643 ubique
1573 3562 1607 3624 in

952 3648 1076 3711 christo
1106 3648 1345 3730 requiescunt.
1368 3646 1526 3729 refrigerii
1557 3668 1608 3711 se·

951 3735 1029 3798 dem
1046 3784 1053 3798 .
1071 3733 1202 3820 lquietis
1226 3734 1469 3798 beatitudinem
1486 3784 1493 3799 .
1510 3733 1606 3797 lumi·

952 3821 1003 3884 nis
1018 3822 1204 3885 claritatem
1225 3844 1232 3884 :
1247 3841 1314 3903 per.

954 3995 1046 4056 PRO
1078 3995 1309 4057 ΟΜΝΙΒϋὸ
1346 3995 1605 4056 FlDELlBUS

1134 4077 1432 4138 DEFUNCTlS.

1019 4193 1179 4243 [DELIUM
1215 4191 1311 4243 DEUS
1344 4178 1494 4242 omnium
1527 4198 1607 4242 con-

1038 4267 1128 4331 ditor
1145 4276 1179 4331 et
1198 4267 1390 4349 redemptor
1409 4265 1606 4329 :animabus

1064 4401 1075 4456 ΙΙ
1086 4396 1131 4447 fol.
1149 4394 1202 4462 169.
1336 4392 1396 4459 lfol.
1414 4395 1492 4463 1691).

293 4547 303 4579 ¹
321 4547 389 4598 Oret
404 4547 447 4598 the
462 4548 624 4624 penultimate
638 4547 756 4612 syllables
770 4549 800 4598 of
811 4553 818 4575 ‘
828 4548 977 4609 animabus’
993 4545 1175 4606 ‘famularum’
1187 4545 1314 4596 ‘tuarum'
1325 4546 1375 4595 and
1390 4547 1490 4602 ‘exutos
1500 4544 1506 4567 '
1518 4561 1534 4595 a
1544 4546 1608 4596 later

247 4613 314 4663 hand
325 4614 371 4662 has
382 4614 407 4662 in
419 4630 434 4663 a
444 4614 573 4678 distinctly
584 4613 699 4664 different
709 4614 786 4679 script
797 4614 979 4670 interlineated.
993 4629 1031 4663 res
1079 4612 1164 4676 tively,
1180 4610 1228 4672 ‘e,'
1241 4610 1297 4669 ‘le‚’
1312 4612 1340 4661 ‘e
1350 4611 1356 4632 ⁵
1368 4611 1418 4660 and
1431 4617 1437 4639 ⁸
1448 4610 1518 4661 tam.¹

294 4677 305 4708 ²
321 4678 377 4728 The
388 4695 456 4729 same
463 4679 531 4728 hand
543 4679 595 4736 has,
607 4679 633 4728 in
646 4679 697 4729 like
704 4696 815 4740 manner,
827 4680 925 4730 written
940 4678 983 4727 ‘a’
996 4695 1028 4728 an
1057 4677 1110 4728 ‘le’
1122 4693 1182 4727 over
1193 4677 1235 4726 the
1244 4676 1303 4726 final
1312 4676 1430 4740 syllables
1440 4676 1470 4726 of
1478 4682 1484 4703 ⁴
1492 4675 1605 4726 animae¹

246 4745 297 4795 and
311 4744 490 4803 ‘famularum'
503 4744 553 4793 and
565 4759 625 4793 over
636 4744 678 4794 the
690 4745 853 4810 penultimate
864 4744 893 4795 of
904 4747 1016 4794 ‘tuarum
1027 4744 1033 4765 '
1046 4744 1095 4793 and
1110 4741 1319 4807 ‘cousequantur’
1332 4742 1376 4791 ‘e’
1394 4741 1444 4790 and
1456 4740 1505 4791 ‘a'
1539 4741 1607 4791 Over

247 4811 289 4860 the
301 4811 348 4860 last
359 4808 464 4874 syllable
475 4808 504 4859 of
514 4810 667 4860 ‘exuantur’
679 4810 698 4860 it
710 4811 755 4860 has
766 4811 864 4860 written
877 4809 925 4859 ‘a'

294 4873 305 4906 ⁸
321 4874 388 4925 Over
400 4874 442 4923 the
457 4875 505 4924 last
516 4874 634 4938 syllables
645 4874 674 4924 of
686 4875 814 4925 ‘animae’
825 4877 876 4925 and
892 4872 1072 4925 ‘consecutae'
1088 4874 1114 4923 in
1129 4873 1172 4923 the
1188 4871 1408 4922 Postcommunion
1419 4870 1438 4920 it
1450 4871 1496 4920 has
1507 4871 1606 4921 written

248 4939 292 4991 ‘a’
304 4939 354 4989 and
367 4942 398 4988 ‘a
409 4938 464 4995 est!
476 4940 526 4989 and
539 4956 599 4989 over
613 4941 656 4990 the
671 4940 834 5005 penultimate
845 4940 875 4990 of
883 4945 889 4969 ‘
898 4940 1047 4989 famularum
1057 4937 1063 4959 ’
1074 4939 1124 4988 and
1139 4942 1251 4987 ‘tuarum
1262 4936 1269 4959 ’
1281 4936 1332 4986 ‘le’
1344 4938 1393 4985 and
1408 4935 1456 4986 ‘e'
1489 4935 1545 4986 The
1558 4937 1605 4986 last

245 5006 349 5070 syllable
360 5004 390 5054 of
398 5011 406 5033 ⁸
416 5003 564 5054 Inueniant’
576 5005 597 5054 is
608 5006 770 5055 surmounted
782 5007 816 5069 by
829 5009 836 5031 ‘
847 5005 874 5056 t.'

293 5070 304 5102 ⁴
321 5071 391 5120 Here
412 5086 428 5119 a
450 5069 574 5120 reference
593 5071 664 5120 mark
687 5071 750 5120 after
770 5071 827 5121 ‘hic
835 5070 924 5136 ‘-169
944 5068 1098 5134 (yl-points
1118 5076 1144 5118 to
1160 5085 1175 5118 a
1192 5067 1316 5133 pencilled
1335 5072 1374 5118 ‘et
1392 5064 1499 5131 ubique¹
1518 5066 1544 5115 iu
1563 5066 1606 5116 the

246 5145 318 5187 outer
329 5134 434 5200 margin.
