4109 6275
436 773 496 839 m

431 967 495 1011 non
509 958 541 1010 et
553 957 725 1010 ceterorum
740 946 886 1009 omnium
900 955 1086 1009 sanctorum

432 1055 569 1117 quorum
593 1034 747 1116 reliquiae
769 1033 804 1096 in
819 1031 966 1114 presenti
987 1033 1086 1096 conti-

433 1131 553 1184 nentur
587 1120 726 1184 ccclesia¹
761 1121 974 1184 ueneratione
1008 1129 1087 1182 tuae

433 1207 617 1273 obtulimus
647 1209 814 1271 maiestati
835 1256 842 1270 .
863 1216 997 1291 praesta
1026 1208 1087 1270 do-

434 1297 523 1359 mine
538 1316 761 1378 quaesumus.
774 1303 810 1358 ut
826 1315 886 1376 per
901 1314 941 1356 ea
954 1295 1086 1357 ueniam

434 1402 621 1446 mereamur
658 1392 870 1465 peccatorum
893 1430 900 1444 .
925 1381 977 1454 llet
1013 1402 1088 1444 cae·

434 1469 526 1533 lestis
566 1470 694 1552 gratiae
731 1469 829 1533 donis
866 1467 1087 1532 reficiamur:

433 1577 500 1640 per.

472 1787 530 1846 DE
563 1784 791 1847 OMNlBUS
823 1782 1049 1843 sanctis.

687 1918 825 1966 onusto,

497 2019 640 2085 oncede'
655 2042 858 2103 quaesumus
874 2024 1089 2106 omnipotens

519 2111 603 2173 deus
622 2118 682 2171 :ut
702 2110 893 2172 intercessio
915 2131 976 2172 nos
995 2130 1089 2173 sanc·

435 2206 490 2260 tae
511 2196 565 2259 dei
583 2195 753 2278 genitricis
773 2210 920 2259 MARIAE
935 2245 942 2260 .
959 2208 1089 2261 sancta-

436 2303 574 2365 rumque
597 2284 747 2346 omnium
772 2282 965 2347 caelestium
988 2285 1089 2347 uirtu-

435 2382 507 2433 tum
524 2420 530 2432 .
548 2381 581 2433 et
605 2371 778 2433 beatorum
803 2371 1089 2453 patriarcharum.

436 2457 698 2540 prophetarum.
720 2457 947 2539 apostolorum
970 2509 976 2521 .
1000 2457 1089 2521 Mar-

436 2553 547 2625 tyrum
579 2594 585 2607 .
616 2542 842 2608 consessorum
882 2555 984 2628 atque
1025 2545 1089 2608 uir-

436 2633 550 2714 ginum
567 2681 574 2694 .
591 2639 625 2694 et
651 2630 801 2694 omnium
828 2631 1009 2696 electorum
1038 2642 1090 2695 tu-

436 2739 531 2781 orum
566 2718 689 2801 ubique
724 2718 911 2783 laetificet.
936 2731 972 2784 ut
1008 2720 1089 2782 dum

435 2826 549 2868 eorum
568 2806 686 2868 merita
701 2805 877 2869 recolimus
888 2857 895 2870 .
905 2807 1091 2888 patrocinia

436 2893 620 2955 sentiamus
639 2916 645 2955 :
662 2913 721 2974 per
736 2893 890 2956 eundem.

681 3060 843 3108 secnetn.

440 3162 610 3295 Oblatis
633 3182 836 3245 quaesumus
858 3163 994 3226 domine
1018 3164 1090 3245 pla·

334 3327 339 3336 Ι
524 3271 599 3314 care
613 3251 805 3313 muneribus
817 3260 850 3313 et
863 3251 1090 3315 intercedente

437 3338 536 3402 beata
573 3339 627 3401 dei
660 3337 822 3418 genitrice
857 3351 979 3401 MARIA
1012 3358 1088 3401 cum

436 3425 592 3490 omnibus
613 3425 737 3486 sanctis
756 3424 822 3486 tuis
842 3443 863 3486 a
881 3426 1008 3488 cunctis
1030 3445 1090 3489 nos

436 3510 579 3574 deiende
595 3510 748 3593 periculis
766 3532 773 3573 :
790 3532 849 3593 per
864 3532 938 3575 eun.

629 3686 926 3733 ΡΟὸΤΟΟΜΜΗΝΙΟ.

442 3781 675 3920 Sumpsimus
746 3781 881 3844 domine
955 3792 1091 3846 sanctae

512 3881 657 3930 MnnlnE
677 3876 710 3930 et
728 3870 878 3931 omnium
897 3879 1089 3932 sanctorum

437 3967 570 4019 tuorum
609 3955 727 4018 merita
761 3953 944 4019 recolentes
981 3977 1090 4019 sacra·

437 4054 551 4106 menta
581 4040 762 4105 caelestia.
784 4052 918 4124 praesta
949 4064 1090 4125 quaesu-

438 4151 537 4193 mus:
557 4139 593 4192 ut
623 4130 713 4211 quod
745 4129 974 4211 temporaliter
1003 4131 1089 4212 geri-

438 4238 527 4280 mus.
539 4237 652 4279 eorum
667 4218 820 4298 precibus
830 4217 933 4281 adiuti
947 4218 1090 4281 aeternis

437 4305 567 4386 gaudiis
597 4324 841 4387 consequamur
865 4325 953 4386 :per
982 4305 1089 4368 domi-

437 4411 525 4454 num.

696 4527 705 4580 ΙΙ
717 4521 762 4571 sol.
777 4539 832 4586 153·

486 4716 495 4748 ¹
514 4715 621 4765 written
634 4731 667 4764 on
678 4731 711 4765 au
722 4730 829 4764 erasure.

894 748 1372 822 mmmmmms

1136 955 1228 1016 PRO
1272 954 1541 1098 ΡΗΑΕὲιἪΙὸὃ
1582 955 1641 1013 ΕΤ
1679 950 1789 1012 SUB·

1393 1159 1532 1208 ΟΒΑΤΙΟ.

1138 1236 1419 1373 'Omnipotens
1449 1240 1652 1320 sempiterne
1682 1239 1792 1301 deus.

1249 1325 1305 1407 qui
1344 1324 1425 1387 sacis
1463 1325 1627 1389 mirabilia
1669 1345 1794 1407 magna

1138 1411 1230 1474 solus
1256 1460 1264 1475 .
1291 1413 1474 1494 praetende
1511 1433 1612 1495 super
1649 1412 1794 1476 famulos

1139 1508 1225 1574 tuos,
1245 1508 1280 1561 et
1301 1520 1401 1582 super
1423 1508 1562 1563 cunctas
1583 1499 1796 1583 congregati·

1139 1605 1221 1649 ones
1242 1585 1306 1648 illis
1324 1585 1536 1650 commissas⁸
1549 1588 1703 1669 spiritum
1718 1607 1796 1671 gra-

1141 1673 1207 1736 tiae
1222 1673 1377 1737 salutaris
1393 1723 1400 1737 .
1416 1683 1451 1737 et
1466 1684 1503 1737 ut
1519 1673 1551 1736 in
1572 1677 1714 1738 ueritate
1731 1674 1796 1738 tibi

1140 1759 1391 1842 complaceant.
1405 1770 1603 1844 perpetuum
1622 1762 1669 1825 eis
1685 1781 1797 1825 rorem

1140 1857 1218 1910 tuae
1235 1848 1478 1913 benedictionis
1494 1847 1631 1913 infunde
1650 1873 1657 1912 :
1672 1870 1739 1932 per.

1382 1999 1547 2047 stenem.

1221 2077 1325 2142 ostias
1351 2078 1488 2141 domine
1514 2077 1715 2141 famulomm
1742 2088 1798 2142 tu·

1243 2185 1338 2228 orum
1380 2165 1532 2247 placatus
1571 2166 1736 2230 intende.
1761 2174 1798 2229 et

1140 2272 1224 2334 quas
1247 2252 1280 2313 in
1303 2252 1465 2316 honorem
1490 2253 1634 2316 nominis
1660 2255 1708 2316 tui
1737 2255 1798 2317 de-

1141 2348 1220 2402 uota
1251 2349 1363 2402 mente
1394 2360 1455 2422 pro
1485 2341 1533 2403 eis
1566 2340 1798 2404 celebramus.

1140 2424 1301 2507 proficere
1316 2426 1378 2489 sibi
1392 2429 1537 2492 sentiant
1549 2429 1592 2490 ad
1606 2428 1774 2492 medelam
1790 2452 1799 2491 ε

1141 2533 1207 2595 per.

1319 2628 1618 2680 postcommunio,

1215 2727 1275 2768 uos
1314 2706 1447 2771 caelesti
1489 2728 1616 2771 recreas
1658 2728 1800 2772 munere

1237 2802 1399 2875 perpetuo
1451 2795 1587 2857 domine
1635 2796 1800 2860 comitare

1142 2880 1308 2962 praesidio
1324 2930 1330 2943 .
1347 2891 1381 2944 et
1404 2902 1488 2964 quos
1511 2881 1623 2945 fouere
1647 2902 1714 2945 non
1737 2883 1800 2947 de-

1141 2968 1382 3049 sinis.dignos
1412 2966 1481 3031 fieri
1512 2971 1717 3050 sempiterna
1747 2991 1798 3033 re·

1140 3055 1336 3138 demptione
1358 3057 1505 3119 concede
1524 3080 1531 3119 :
1547 3076 1612 3139 per.

1342 3253 1433 3315 PRO
1466 3253 1603 3314 ΡΑΟΕ.

1152 3386 1289 3518 DEUS
1319 3388 1343 3436 A
1369 3393 1438 3456 quo
1464 3384 1582 3438 sancta
1607 3376 1798 3439 desideria.

1238 3469 1327 3523 reeta
1363 3460 1501 3524 consilia
1536 3471 1570 3524 et
1600 3462 1688 3526 iusta
1718 3473 1799 3526 sunt

1141 3565 1244 3629 opera
1259 3596 1266 3610 .
1282 3547 1326 3610 da
1350 3548 1455 3612 seruis
1481 3550 1547 3613 tuis
1575 3548 1666 3613 illam
1693 3571 1797 3632 quam

1143 3635 1288 3697 mundus
1314 3636 1394 3698 dare
1422 3655 1488 3699 non
1516 3646 1628 3718 potest
1654 3658 1798 3719 pacem.

1142 3730 1179 3783 ut
1205 3730 1239 3784 et
1266 3721 1367 3785 corda
1395 3734 1508 3787 nostra
1535 3724 1703 3788 mandatis
1731 3727 1798 3788 tuis

1141 3807 1256 3871 dedita
1273 3858 1279 3871 .
1296 3818 1330 3871 et
1351 3809 1498 3873 hostium
1519 3811 1650 3874 sublata
1666 3811 1799 3884 llsormi-

1142 3894 1219 3958 dine
1235 3945 1241 3958 .
1258 3904 1411 3977 tempora
1426 3898 1494 3961 sint
1509 3908 1567 3961 tua
1589 3899 1797 3981 protectione

1142 3982 1322 4064 tranquilla
1340 4006 1347 4045 τ
1364 4004 1430 4066 per.

1388 4129 1552 4178 seonetn.

1155 4224 1288 4354 Deus
1302 4211 1547 4311 quilcredentes
1560 4213 1593 4276 in
1606 4223 1640 4276 te
1652 4215 1797 4296 populos

1237 4298 1336 4361 nullis
1347 4299 1428 4362 sinis
1440 4300 1588 4364 concuti⁴
1599 4302 1796 4367 terroribus.

1141 4386 1280 4466 dignare
1307 4407 1421 4468 preces
1447 4396 1482 4450 et
1509 4387 1635 4451 hostias
1665 4389 1798 4455 dicatae

1255 4522 1314 4584 lfol.
1333 4535 1411 4587 15311.
1544 4530 1553 4582 ΙΙ
1565 4525 1608 4576 sot
1625 4543 1634 4576 i
1639 4542 1678 4589 54.

485 4779 496 4810 ¹
513 4781 637 4846 Opposite
648 4782 691 4830 the
703 4780 753 4829 first
766 4780 844 4834 word.
857 4779 907 4828 and
919 4779 944 4829 in
957 4780 1000 4829 the
1011 4779 1126 4844 adjacent
1139 4780 1243 4845 margin,
1256 4781 1277 4830 is
1288 4797 1304 4830 a
1315 4782 1387 4830 mark
1399 4782 1450 4831 lite
1462 4782 1516 4832 that
1528 4790 1554 4832 at
1569 4799 1615 4846 140
1623 4800 1648 4832 v.
1661 4785 1722 4849 (13).

485 4844 580 4895 ’Over
602 4846 645 4895 the
668 4846 726 4894 final
749 4844 855 4909 syllable
876 4844 906 4893 os
928 4845 1063 4894 ‘famulos'
1086 4845 1135 4894 and
1159 4847 1246 4895 ‘tuos'
1269 4863 1311 4897 ure
1334 4847 1509 4897 interlineated
1533 4847 1609 4908 ‘um,'
1632 4849 1711 4906 ‘um‚'
1734 4851 1794 4913 and,

436 4911 611 4975 continuously
627 4911 688 4960 with
705 4910 748 4960 the
765 4911 845 4969 latter,
865 4910 997 4960 ‘abbatem
1014 4909 1155 4968 nostrum’3
1178 4926 1239 4961 over
1255 4912 1298 4962 the
1314 4912 1373 4961 final
1390 4912 1508 4975 syllables
1524 4914 1553 4962 of
1569 4913 1701 4976 ‘cunum’
1722 4917 1797 4967 ‘con-

437 4975 608 5040 gregationes'
622 4977 671 5025 and
691 4974 865 5065 “commissas’
876 4991 918 5025 are
933 4976 1031 5052 strolres
1046 4975 1187 5041 equivalent
1204 4987 1230 5026 to
1245 4977 1303 5034 ‘nu'
1316 4979 1374 5053 ξιιμ*
1394 4977 1457 5037 ‘m‘;
1484 4976 1531 5027 ‘li'
1546 4979 1663 5045 standing
1677 4996 1738 5031 over
1752 4981 1797 5032 the

437 5041 645 5156 sannen
657 5041 787 5157 nn
798 5040 1186 5170 tunnensis
