4109 6275
685 818 826 869 chotun
849 819 890 868 IN
916 818 1090 869 EXCELSIS
1114 819 1196 870 ΠΕΟ.
1602 820 1618 888 5

259 994 347 1057 hunc
360 996 704 1060 mundumillumina
719 1017 845 1078 quaeso
860 1016 913 1061 ce·
966 995 1135 1077 Quoniam
1166 1006 1202 1060 tu
1236 998 1327 1061 solus
1358 1007 1501 1061 sanctus.
1546 995 1621 1061 'i‘*u

258 1080 395 1145 citatem
419 1084 529 1147 cordis
553 1084 618 1147 mei
634 1134 641 1147 .
657 1093 691 1148 et
712 1085 858 1148 accende
878 1084 911 1147 in
964 1082 1056 1147 solus
1086 1084 1249 1148 dominus.
1301 1085 1356 1148 Tu
1385 1084 1476 1148 solus
1501 1084 1622 1149 altissi-

260 1188 314 1231 me
327 1170 438 1251 ignem
455 1171 583 1234 ardoris
599 1171 709 1235 tui.et
724 1172 815 1235 dona
831 1170 912 1235 mihi
967 1191 1049 1236 mus.
1095 1171 1182 1234 liesu
1201 1171 1331 1236 christe.
1378 1171 1487 1235 C*um
1504 1181 1622 1236 sancto

259 1253 361 1320 fidem
382 1267 508 1321 rectam
525 1309 531 1323 .
547 1278 642 1341 spem
665 1269 814 1323 certam.
831 1258 912 1322 cari·
966 1258 1083 1341 spiritu
1101 1258 1133 1321 in
1149 1258 1255 1341 gloria
1271 1260 1325 1323 dei
1341 1259 1446 1342 patris
1461 1274 1574 1323 Amen.

259 1351 364 1407 tatem
375 1344 619 1427 perlectamet
627 1346 771 1430 reliquas
780 1355 913 1410 sanctas
1031 1359 1131 1409 REDO
1159 1346 1192 1409 in
1220 1366 1323 1410 unum
1350 1347 1473 1411 deum.
1490 1355 1620 1429 patrem

260 1431 400 1495 uirtutes
427 1481 434 1497 .
461 1452 521 1514 per
550 1453 633 1516 quas
663 1433 849 1517 intelligam
880 1443 914 1497 te
1049 1433 1325 1517 omnipotentem.
1356 1443 1527 1497 Factorem
1537 1433 1620 1497 caeli

259 1518 399 1583 timere.
416 1528 450 1583 te
473 1540 604 1585 amare.
617 1541 656 1584 ac
676 1530 735 1584 tua
755 1520 914 1585 melliflua
966 1528 1000 1583 et
1018 1528 1127 1583 terrae
1146 1519 1325 1584 uisibilium
1346 1521 1496 1585 omnium
1518 1529 1552 1584 et
1573 1520 1620 1583 in-

260 1604 443 1671 karismata
480 1628 608 1671 merear
643 1609 812 1692 percipere
842 1658 849 1672 .
876 1618 914 1672 ut
966 1606 1156 1671 uisibilium.
1198 1609 1247 1671 Et
1268 1609 1300 1670 in
1323 1628 1425 1672 unum
1447 1608 1620 1672 dominum

260 1713 336 1756 cum
360 1694 441 1757 mihi
468 1695 540 1758 dies
565 1705 718 1759 extrema
742 1695 913 1760 euenerit.
966 1693 1071 1758 iesum
1087 1694 1247 1758 christum
1264 1694 1367 1759 filium
1385 1695 1438 1758 dei
1452 1695 1621 1778 unigelni-

260 1779 370 1862 angeli
396 1783 488 1865 pacis
515 1803 568 1845 me
593 1784 798 1866 suscipiant.
815 1791 849 1847 et
871 1784 915 1847 de
965 1789 1047 1847 tum.
1110 1782 1157 1845 Et
1192 1804 1236 1846 ex
1267 1793 1361 1865 patre
1392 1794 1508 1847 natum
1544 1793 1622 1846 ante

260 1876 428 1950 potestate
473 1870 694 1953 malignorum
737 1870 912 1953 spirituum
965 1870 1080 1932 omnia
1094 1868 1214 1934 secula
1253 1869 1364 1934 Deum
1381 1871 1424 1934 de
1439 1872 1511 1934 deo.
1557 1871 1622 1934 Lu·

260 1955 536 2039 eripiant.atque
556 1959 589 2021 in
612 1958 724 2040 requie
739 1958 913 2022 beatorum
967 1976 1044 2020 men
1067 1956 1110 2020 de
1131 1955 1264 2021 lumine.
1311 1958 1420 2021 Deum
1442 1978 1556 2021 uerum
1580 1959 1622 2021 de

261 2051 294 2105 et
306 2041 487 2107 electorum
498 2053 631 2109 tuorum
641 2045 815 2109 collocent.
851 2060 913 2109 An·
966 2043 1031 2106 deo
1061 2064 1148 2107 uero,
1208 2042 1365 2108 Genitum
1397 2065 1463 2108 non
1495 2044 1620 2109 sactum

261 2140 384 2193 nuente
414 2141 509 2213 patre
540 2142 574 2195 et
604 2130 702 2196 filio.
727 2135 783 2216 qui
815 2133 848 2195 in
880 2142 913 2197 te
965 2130 1287 2195 consubstantialem
1318 2131 1406 2216 patri
1437 2153 1495 2214 per
1521 2153 1621 2214 quem

260 2217 377 2299 spiritu
406 2229 523 2283 sancto
550 2239 634 2283 unus
660 2221 744 2284 deus
771 2220 853 2283 uiuit
880 2230 914 2285 et
966 2218 1080 2281 omnia
1095 2216 1184 2282 iacta
1198 2229 1284 2282 sunt.
1325 2217 1392 2298 Qui
1408 2228 1546 2302 propter
1561 2241 1622 2283 nos

261 2315 378 2387 regnat
395 2356 400 2368 .
419 2326 478 2388 per
492 2307 607 2370 omnia
966 2303 1119 2369 homines
1142 2314 1176 2370 et
1201 2316 1337 2389 propter
1360 2317 1508 2370 nostram
1535 2305 1622 2370 salu·

965 2400 1036 2457 tem
1066 2393 1240 2458 descendit
1270 2393 1312 2457 de
1342 2394 1450 2458 caelis.
1502 2395 1547 2457 Et
1574 2394 1621 2457 in-

965 2488 1121 2544 carnatus
1151 2490 1202 2544 est
1232 2482 1275 2545 de
1301 2481 1418 2563 spiritu
1445 2490 1562 2545 sancto
1588 2490 1623 2545 et

967 2580 1089 2631 MAR1A
1120 2567 1256 2650 uirgine.
1306 2570 1352 2631 Et
1382 2568 1484 2632 homo
1514 2567 1622 2631 sactus

967 2663 1026 2718 est.
1083 2654 1274 2719 Crucifixus
1303 2656 1404 2719 etiam
1435 2676 1496 2738 pro
1526 2655 1622 2719 nobis

966 2742 1030 2805 sub
1060 2742 1177 2824 pontio
1208 2742 1321 2824 pilato.
1368 2745 1488 2806 Passus
1513 2752 1548 2807 et
1571 2764 1622 2806 se-

262 2829 274 2901 ΙΙ
347 2843 822 2896 LOR1A1NEXCELSISDEO.
865 2833 915 2895 Et
967 2828 1081 2911 pultus
1095 2839 1156 2894 est.
1196 2831 1243 2893 Et
1259 2829 1440 2894 resurrexit
1454 2831 1553 2894 tertia
1568 2830 1622 2893 die

366 2916 398 2979 in
416 2926 502 2981 terra
517 2938 587 3001 pax
603 2918 793 2982 hominibus
808 2918 916 2983 bonae
967 2917 1150 2980 secundum
1172 2917 1359 2999 scripturas.
1404 2919 1451 2981 Et
1472 2918 1623 2981 ascendit

261 3002 451 3068 uoluntatis.
968 3002 1001 3065 in
1047 3003 1177 3067 caelum
1221 3004 1317 3069 sedet
1357 3005 1400 3069 ad
1446 3004 1621 3069 dexteram

261 3088 562 3157 L*¹audamuste.
606 3093 899 3158 Benedicimuste.
967 3090 1079 3173 patris.
1142 3092 1187 3155 Et
1222 3090 1341 3156 iterum
1377 3101 1537 3156 uenturus
1572 3102 1623 3157 est

260 3179 455 3245 Adoramus
485 3190 527 3244 te.
577 3178 841 3245 G*1orificamus
873 3191 915 3246 te.
967 3198 1044 3241 cum
1064 3177 1172 3262 gloria
1194 3178 1339 3243 iudicare
1362 3180 1457 3243 uiuos
1480 3189 1514 3244 et
1537 3201 1623 3243 mor·

261 3267 396 3332 Gratias
420 3268 551 3349 agimus
574 3269 635 3332 tibi
659 3278 794 3352 propter
816 3268 915 3351 glori·
967 3273 1052 3329 tuos.
1100 3266 1201 3329 Cuius
1229 3267 1320 3350 regni
1353 3287 1419 3330 non
1450 3267 1513 3331 erit
1539 3266 1622 3331 finis.

262 3375 316 3417 am
332 3364 425 3417 tuam
443 3375 609 3437 magnam.
655 3356 802 3419 Domine
818 3370 915 3421 1)ssth
970 3355 1013 3416 Et
1037 3353 1070 3415 in
1093 3354 1246 3435 spiritum
1270 3365 1424 3417 sanctum
1448 3355 1621 3418 dominum

262 3462 321 3504 rex
357 3441 517 3507 caelestis.
569 3442 686 3506 D*eus
719 3452 816 3525 pater
844 3463 915 3507 om·
966 3448 1001 3502 et
1039 3438 1273 3505 uiuiticantem.
1343 3439 1410 3520 Qui
1447 3462 1491 3504 ex
1529 3451 1623 3523 patre

263 3529 424 3611 nipotens.
479 3530 624 3593 Domine
658 3528 706 3593 fili
738 3531 915 3613 unigenite.
966 3524 1103 3610 filioque
1115 3527 1273 3609 procedit.
1311 3527 1376 3607 Qui
1390 3550 1466 3592 cum
1479 3538 1574 3611 patre
1589 3538 1622 3592 et

265 3620 350 3680 lESU
396 3615 525 3680 christe.
595 3616 763 3680 l)*omine
810 3631 915 3682 onus.
967 3609 1037 3676 filio
1060 3614 1159 3678 simul
1184 3615 1413 3680 adoratur.et
1436 3614 1623 3699 conglorifi-

260 3706 383 3785 ugnus
417 3717 489 3769 DEI.
548 3704 652 3767 Filius
683 3705 794 3787 patris.
846 3704 915 3784 Qui
967 3709 1069 3765 catur.
1112 3701 1178 3782 Qui
1195 3702 1326 3765 locutus
1341 3713 1392 3766 est
1408 3725 1467 3786 per
1482 3703 1623 3786 prophe·

263 3789 352 3854 tollis
368 3800 506 3873 peccata
518 3791 635 3855 mundi
649 3792 799 3855 Miserere
811 3792 915 3857 nobis.
966 3795 1027 3851 tas.
1070 3789 1112 3851 Et
1127 3808 1227 3851 unam
1244 3799 1394 3854 sanctam
1409 3790 1625 3854 catholicam²

262 3875 738 3961 Q'uitollinpeccatamundi.
775 3878 915 3961 Suscipe

262 3965 530 4048 deprecationem
546 3975 704 4031 nostram.
738 3963 804 4044 Qui
819 3968 915 4030 sedes
969 3968 1112 4049 uuestri¹.
1169 3973 1218 4033 Ps
1259 3969 1464 4035 Boudixisti
1497 3970 1625 4035 domine

262 4052 305 4115 ad
326 4052 502 4117 dexteram
522 4053 626 4136 patris
641 4053 791 4117 Miserere
809 4054 914 4118 nobis.
966 4065 1098 4121 terram.

538 4178 548 4230 ll
560 4172 604 4224 fol·
619 4171 642 4222 6·
1115 4176 1121 4243 Ι
1136 4177 1182 4229 tol.
1196 4178 1242 4228 ov.
1377 4183 1387 4238 u
1399 4179 1443 4228 iol.
1458 4193 1480 4241 7.

309 4304 319 4335 ¹
336 4306 361 4353 A
375 4303 450 4353 blaclr
466 4303 571 4353 asterisk
587 4320 674 4354 means
689 4304 744 4355 that
755 4305 798 4355 the
809 4307 959 4356 transcribet
971 4308 1016 4358 left
1027 4325 1043 4358 a
1054 4309 1127 4373 place
1137 4308 1177 4359 lor
1188 4310 1231 4359 the
1242 4309 1334 4374 capitul
1346 4310 1427 4371 letter,
1441 4310 1486 4359 but
1498 4311 1552 4360 that
1564 4311 1622 4368 this,

262 4380 306 4419 not
317 4369 412 4434 having
423 4370 487 4419 been
498 4377 543 4433 put
555 4369 580 4419 in
591 4370 626 4434 by
638 4371 681 4420 the
691 4371 838 4432 rubricator,
852 4372 873 4421 is
884 4372 944 4422 here
954 4374 1071 4439 supplied
1084 4374 1170 4438 hythe
1181 4382 1282 4439 present
1293 4375 1384 4424 editor.

310 4433 321 4465 ²
338 4436 408 4490 Here
419 4443 445 4484 at
456 4435 499 4484 the
509 4436 559 4485 end
572 4435 602 4484 oi
608 4435 652 4485 the
663 4436 793 4486 twentieth
805 4437 855 4485 and
867 4438 914 4486 last
926 4438 978 4488 line
989 4440 1018 4489 oi
1025 4439 1069 4488 the
1081 4440 1164 4503 ruling
1174 4440 1204 4489 oi
1211 4439 1255 4489 iol.
1267 4441 1316 4491 ov.
1329 4441 1371 4490 the
1383 4448 1434 4490 text
1446 4440 1475 4490 oi
1483 4439 1526 4490 the
1539 4442 1622 4490 Credo

262 4504 283 4550 is
293 4508 334 4550 cut
346 4500 424 4549 short.
459 4501 515 4550 The
531 4501 672 4551 remainder
683 4518 741 4566 may
752 4502 816 4552 have
826 4502 993 4567 disappeured
1004 4520 1038 4553 on
1050 4505 1093 4554 the
1104 4505 1214 4555 removal
1226 4505 1256 4555 oi
1263 4506 1306 4555 the
1318 4505 1446 4555 Kalendar
1458 4506 1548 4566 which,
1563 4524 1590 4556 as
1602 4508 1623 4555 is

262 4566 363 4616 evident
378 4565 444 4614 from
463 4582 480 4615 u
497 4576 558 4643 note
573 4583 607 4617 on
628 4583 713 4644 roura,
731 4575 758 4644 at
774 4583 822 4617 oue
839 4567 900 4618 time
916 4569 989 4618 stood
1007 4570 1122 4620 between
1141 4570 1184 4620 the
1203 4571 1286 4648 Credo
1305 4571 1356 4620 and
1376 4571 1418 4620 the
1439 4572 1569 4636 Proprium
1589 4573 1622 4622 de

261 4632 405 4746 Tempgpil
415 4632 485 4746 diiii
493 4632 1373 4761 3ῗὲΫὲἷῗξὲἔκοαῗίξῖθῗοὲιὲῗιῢῗῖιέὴέτέἵῃῖᾙεέἶεἲίἱιζειιὲῗίὲοο
1381 4637 1585 4767 diregdaigiuling
1595 4702 1625 4751 oi

262 4762 305 4812 the
316 4777 388 4811 verso
399 4762 428 4812 oi
440 4762 485 4811 fol.
498 4764 513 4811 8
524 4763 683 4813 have-with
694 4764 771 4828 slight
782 4764 926 4829 exceptions
938 4771 965 4814 to
976 4766 1008 4815 be
1019 4766 1166 4816 mentioned
1177 4766 1399 4832 presently—been
1411 4767 1507 4823 erased,
1519 4767 1623 4832 making

262 4843 318 4891 way
328 4827 367 4877 ior
378 4827 421 4877 the
432 4827 495 4877 later
506 4829 606 4893 writing
616 4829 676 4878 here
689 4829 816 4879 indicated
833 4831 867 4894 by
877 4829 947 4880 italic
961 4838 1029 4895 type.
1066 4832 1115 4881 But
1130 4848 1191 4881 near
1205 4833 1248 4882 the
1263 4831 1328 4880 head
1343 4831 1373 4881 of
1386 4832 1429 4881 the
1445 4832 1497 4882 first
1508 4832 1538 4882 oi
1551 4833 1620 4883 these

261 4893 318 4942 four
332 4908 409 4957 peges
424 4893 493 4944 there
508 4910 551 4943 ure
566 4902 646 4944 traces
660 4893 690 4943 of
703 4893 745 4945 the
760 4895 843 4944 words
860 4899 976 4945 ‘exem
993 4895 1053 4944 nur.
1068 4896 1112 4953 Q‘s’
1127 4896 1215 4961 boldly
1229 4897 1349 4947 executed
1364 4897 1390 4947 in
1405 4913 1482 4962 green
1497 4897 1522 4962 pi
1567 4906 1618 4959 ent,

263 4958 305 5007 the
317 4958 397 5007 initial
410 4958 483 5008 letter
495 4958 570 5024 being
584 4959 662 5008 about
677 4968 728 5008 two
743 4959 829 5009 inches
842 4959 913 5024 high.
947 4960 1002 5010 The
1015 4960 1117 5011 Secreta
1134 4962 1185 5011 had
1200 4963 1283 5027 begun
1298 4978 1332 5012 on
1348 4962 1391 5012 the
1404 4962 1520 5012 eleventh
1542 4962 1624 5013 ineos

263 5024 305 5073 the
320 5024 428 5087 original
443 5024 534 5089 ruting,
547 5040 580 5073 an
594 5024 675 5074 initial
692 5037 711 5073 fl
728 5025 754 5073 in
769 5024 900 5074 vermilion
914 5025 992 5089 being
1004 5024 1057 5088 just
1072 5026 1162 5076 visible
1177 5036 1204 5076 at
1220 5029 1274 5078 that
1290 5035 1345 5093 part
1361 5027 1390 5077 oi
1403 5028 1446 5078 the
1461 5044 1540 5093 page;
1557 5045 1585 5079 as
1600 5030 1621 5078 is

262 5088 316 5138 also
327 5088 369 5139 the
380 5089 559 5154 compendium
569 5089 608 5139 lor
622 5091 699 5139 ‘Vere
710 5088 827 5154 dignum'
838 5105 871 5139 on
883 5090 951 5139 what
962 5106 1014 5141 was
1026 5090 1068 5140 the
1080 5091 1221 5142 louneenth
1231 5093 1290 5143 line.

312 5154 368 5204 Fol.
388 5169 432 5217 72).
452 5171 480 5205 as
495 5163 522 5204 at
540 5156 592 5205 first
609 5155 707 5206 written
724 5155 774 5205 had
792 5157 1198 5208 ‘Domnicn·11·n1>usstt.’in
1216 5158 1347 5208 vermilion
1364 5168 1389 5207 at
1407 5159 1449 5208 the
1468 5160 1518 5209 end
1535 5159 1565 5210 oi
1579 5159 1621 5209 the
