4109 6275
385 811 426 860 nr
451 810 567 861 resno
590 807 823 861 sauctorum
846 806 1125 858 nposronouun
1152 808 1260 858 surm
1284 809 1332 858 ΕΤ
1356 807 1477 860 esum.
1565 809 1606 875 95

419 994 718 1044 postcommunio

322 1094 382 1138 uos
411 1074 547 1138 caelesti
577 1076 714 1138 domine
741 1076 902 1140 alimento

245 1084 312 1250 Q
365 1162 516 1226 satiasti.
533 1163 727 1245 apostolicis
748 1163 902 1227 interces-

247 1249 396 1312 sionibus
419 1249 463 1313 ab
485 1250 577 1313 omni

247 1336 319 1400 todi
338 1360 345 1400 :
360 1357 427 1419 per.

484 1460 529 1519 ΙΝ
565 1460 658 1519 ΟΙΕ.

416 1565 446 1624 λ.
479 1573 565 1627 Nunc
584 1572 644 1625 seio
663 1588 736 1627 uere.

397 1682 547 1751 umori
563 1688 788 1738 uolumen-in
803 1690 896 1737 nien

421 1769 697 1821 APOSTOLORUM
742 1771 902 1823 woltun

249 1686 384 1964 D
422 1857 529 1906 earm
551 1857 597 1906 er
616 1858 728 1909 anum
745 1847 905 1928 martyrio

421 1933 620 1995 consecrasti
636 1933 704 1996 :da
726 1932 905 1996 aecclesiae

249 2029 328 2081 tuae
342 2038 458 2082 eorum
476 2020 508 2082 in
525 2019 683 2083 omnibus
699 2021 793 2103 sequi
809 2041 903 2104 prae·

249 2113 383 2186 ceptum
401 2155 408 2169 .
424 2127 484 2188 per
505 2126 589 2188 quos
605 2107 775 2190 religionis
790 2129 903 2190 sump

248 2193 293 2255 sit
322 2194 499 2256 exordium
517 2214 599 2276 :per
625 2196 800 2259 dominum
829 2217 904 2258 nos·

250 2290 337 2343 trum
354 2281 459 2343 iesum
476 2281 636 2345 christum
655 2281 759 2345 filium
777 2292 880 2347 tuum.

493 2420 656 2467 ΞΕΟΗΕΤΑ.

251 2507 450 2633 {Hostias
484 2509 621 2572 domine
654 2529 738 2592 quas
777 2511 903 2573 nomini

374 2604 434 2659 tuo
448 2596 629 2660 sacrandas
641 2597 811 2660 offerimus
824 2617 904 2680 apo-

250 2683 368 2746 stolica
417 2694 638 2766 prosequatur
681 2686 821 2748 oratio.
846 2705 905 2768 per

251 2790 351 2854 quam
380 2791 441 2833 nos
472 2773 601 2853 expiari
632 2772 760 2836 tribuas
787 2782 821 2835 et
847 2772 903 2835 de·

251 2858 341 2922 lendi
359 2872 367 2921 ἐ
382 2878 441 2940 per
456 2858 639 2921 dominum.

602 1249 806 1315 aduersitate
828 1271 900 1314 cus-

372 3000 514 3075 [Erasure
531 3004 568 3074 os
577 3021 661 3058 seven
680 3001 787 3075 lines.]²

429 3143 726 3191 ΡΟΒΤΟΟΜΜΗΝΙΟ.

255 3232 386 3398 Quos
416 3233 551 3297 caelesti
581 3233 718 3297 domine
744 3233 906 3297 alimento

347 3321 496 3385 satiasti.
512 3320 705 3403 apostolicis
721 3322 906 3385 intercessi·

252 3409 371 3472 onibus
382 3409 425 3471 ab
437 3410 529 3471 omni
543 3408 747 3472 aduersitate
756 3410 886 3472 custodi
899 3433 906 3472 :

252 3516 312 3579 per
325 3496 500 3559 dominum
517 3505 676 3558 nostrum.

255 3680 432 3740 ΒΑΝΟΤΙ
474 3680 611 3739 Pouet
646 3679 907 3740 ΑΡΟΒΤΟΗ.

413 3814 443 3873 λ.
476 3819 544 3874 Scio
561 3818 606 3873 cui
625 3818 740 3875 credidi.

512 3929 650 3979 ΟΗΑΤΙΟ.

327 4034 397 4085 EUS
412 4034 480 4099 QUI
497 4034 797 4086 MULTITUDINEM
814 4035 907 4085 GEN-

348 4122 446 4173 mum
485 4109 574 4173 Beati
612 4121 724 4172 enum
763 4108 906 4191 apostoli

253 4196 501 4279 praedicatione
532 4196 674 4260 docuisti
703 4195 776 4259 :da
812 4196 908 4259 nobis

253 4303 455 4367 quaesumus
479 4295 515 4346 ut
538 4284 630 4346 cuius
652 4283 809 4346 natalicia
830 4283 907 4345 coli·

508 4412 568 4474 lfoL
583 4414 651 4478 98v.

953 1008 1049 1051 mus.
1067 987 1140 1052 eius
1160 990 1250 1071 apud
1273 998 1307 1053 te
1327 988 1514 1071 patrocinia
1534 1009 1608 1053 sen-

952 1076 1076 1138 tiamus
1092 1124 1098 1138 .
1116 1095 1183 1157 per.

1201 1182 1366 1232 secam„

954 1269 1210 1401 flssFcclesiae
1268 1279 1347 1334 tuae
1406 1290 1610 1353 quaesumus

1037 1379 1062 1401 Δ
1091 1358 1228 1421 domine
1265 1377 1380 1439 preces
1415 1367 1449 1420 et
1482 1357 1609 1421 hostias

953 1444 1140 1526 apostolica
1176 1444 1392 1509 commendet
1425 1445 1556 1509 oratio.
1573 1454 1610 1508 ut

954 1533 1045 1613 quod
1085 1551 1145 1613 pro
1183 1531 1314 1595 illorum
1357 1531 1464 1614 gloria
1503 1532 1609 1595 caele·

954 1618 1092 1681 bramus
1107 1668 1114 1682 .
1132 1617 1229 1682 nobis
1251 1618 1357 1701 prosit
1379 1619 1423 1681 ad
1452 1619 1610 1682 ueniam:

955 1725 1021 1786 per.

1079 1850 1257 1922 [÷Emrure
1273 1854 1309 1923 os
1320 1856 1369 1907 six
1385 1851 1491 1924 lines.]³

1132 1979 1431 2028 ΡΟΒΤΟΟΜΜΗΝΙΟ.

962 2070 1158 2197 perceptis
1196 2073 1332 2136 domine
1369 2074 1609 2139 sacramentis.

1034 2159 1140 2222 beatis
1153 2159 1315 2241 apostolis
1328 2161 1610 2225 intercedentibus

955 2244 1197 2327 deprecamur.
1214 2257 1250 2309 ut
1278 2267 1364 2330 quae
1391 2268 1452 2331 pro
1478 2249 1609 2313 illorum

955 2333 1144 2396 caelebrata
1167 2343 1245 2396 sunt
1267 2334 1395 2415 gloria.
1414 2335 1511 2399 nobis
1535 2356 1610 2418 pro·

956 2418 1069 2484 ficiant
1084 2420 1127 2483 ad
1146 2420 1311 2484 medelam
1331 2445 1338 2484 ε
1355 2441 1420 2503 per.

958 2604 1267 2665 snucssouum
1292 2604 1528 2665 enocesst
1553 2607 1611 2665 ΕΤ

1127 2687 1445 2748 ΜΑΒΤΙΝΙΑΝΙ.

1212 2797 1351 2846 ΟΗΑΤΙΟ.

1031 2897 1101 2948 EUS
1145 2897 1212 2960 QUI
1259 2897 1331 2948 NOS
1376 2897 1610 2950 SANCTORUM

1052 2982 1214 3034 TUORUM
1241 2984 1412 3036 PROCESSI
1440 2986 1488 3035 ΕΤ
1516 2986 1612 3036 MAR-

956 3070 1109 3121 ΤΙΝΙΑΝΙ
1152 3058 1417 3122 confessionibus
1457 3060 1612 3144 gloriosis

955 3146 1143 3209 circumdas
1174 3156 1207 3208 et
1237 3148 1386 3229 protegis
1409 3150 1481 3211 :da
1514 3148 1612 3212 nobis

955 3242 990 3295 et
1020 3253 1135 3296 eorum
1163 3233 1351 3298 imitatione
1378 3234 1538 3317 proficere
1554 3286 1561 3299 .
1577 3247 1611 3299 et

957 3320 1194 3383 intercessione
1209 3322 1355 3401 gaudere
1372 3346 1378 3385 :
1394 3342 1460 3404 per.

1205 3454 1367 3502 ΘΕΟΗΕΤΑ.

956 3544 962 3626 Ι
975 3537 1139 3667 Suscipe
1168 3545 1306 3608 domine
1336 3566 1452 3628 preces
1479 3558 1513 3610 et
1540 3567 1612 3610 rnu-

1047 3651 1126 3694 nera
1142 3681 1148 3694 .
1165 3652 1253 3714 quae
1277 3642 1313 3695 ut
1336 3643 1396 3696 tuo
1418 3634 1486 3696 sint
1508 3634 1613 3716 digna

957 3728 1139 3801 conspectu
1151 3767 1158 3782 .
1171 3730 1363 3782 sanctorum
1377 3730 1509 3784 tuorum
1528 3734 1612 3786 PRO·

957 3819 1058 3869 cessr
1100 3816 1134 3869 et
1179 3818 1414 3870 naumurum
1460 3808 1613 3890 precibus

957 3892 1157 3956 adiuuemur
1180 3915 1187 3955 :
1210 3913 1277 3975 per.

1141 4028 1439 4080 postcommunio,

964 4113 1150 4245 Corporis
1180 4118 1262 4180 sacri
1290 4127 1325 4180 et
1352 4118 1510 4200 praetiosi
1537 4137 1612 4198 san-

1043 4204 1154 4286 guinis
1182 4204 1299 4286 repleti
1325 4204 1485 4268 libamine
1511 4224 1613 4288 quae-

957 4311 1073 4353 sumus
1111 4291 1248 4355 domine
1287 4292 1370 4355 deus
1408 4302 1551 4356 noster:
1576 4302 1613 4355 ut

1089 4409 1100 4466 l
1113 4411 1158 4460 fol.
1170 4426 1211 4477 99.
1347 4412 1407 4473 lfol.
1421 4427 1453 4478 99
1462 4428 1487 4461 v.

301 4552 310 4585 ¹
329 4555 353 4604 Α
371 4554 494 4620 peucilled
513 4552 614 4603 ‘nichil'
630 4554 717 4603 stands
733 4569 750 4602 ο
768 4553 849 4617 posite
866 4553 908 4603 the
925 4552 978 4603 first
995 4552 1046 4602 line
1062 4552 1091 4601 of
1104 4552 1147 4602 the
1165 4553 1254 4604 Oratio
1270 4552 1300 4602 of
1315 4552 1358 4603 the
1376 4556 1452 4616 Mass,
1472 4556 1522 4604 and
1539 4555 1613 4620 again

252 4620 357 4671 another
368 4619 484 4685 opposite
494 4619 538 4669 the
549 4619 632 4669 fourth
644 4619 694 4669 line
705 4618 734 4667 of
742 4569 784 4668 tbe
797 4618 905 4668 Prelaee

301 4683 312 4717 ¹
329 4685 432 4736 Resides
447 4684 490 4734 the
505 4685 588 4734 rubric
603 4686 652 4733 and
669 4683 750 4733 initiel
765 4684 794 4733 of
807 4685 851 4733 the
865 4684 951 4733 erased
969 4683 1078 4742 Preme,
1093 4682 1167 4732 much
1182 4681 1212 4732 of
1225 4683 1257 4732 its
1272 4690 1324 4733 text
1340 4699 1397 4748 may
1408 4684 1441 4734 be
1452 4685 1611 4750 deeipbered,

252 4752 299 4800 vir„
307 4755 501 4800 editurum.
537 4750 569 4799 Et
581 4758 606 4799 te
617 4751 718 4800 domine
729 4749 875 4813 suppliciter
889 4764 992 4798 exorare
1005 4747 1009 4813 Ι
1026 4756 1156 4798 ...aeterne
1172 4763 1222 4797 non
1233 4748 1346 4799 deseras:
1361 4748 1365 4811 Ι
1380 4750 1424 4799 sed
1433 4766 1480 4827 per
1491 4750 1593 4801 beatos.
1606 4786 1613 4800 .

253 4824 309 4865 tuos
323 4816 443 4865 continua
457 4831 503 4880 pro
517 4815 521 4878 Ι
537 4817 645 4864 tectione
655 4815 840 4864 custodias...re
854 4824 859 4878 Ι
874 4814 983 4863 cruribus
993 4814 1159 4878 gubernetur:
1176 4828 1240 4878 quos
1252 4814 1335 4878 operis
1346 4815 1381 4864 tui
1397 4813 1401 4879 Ι
1416 4816 1521 4865 uicarios
1531 4817 1613 4866 eidem

252 4882 379 4932 contulisti
394 4896 508 4945 praeesse
522 4880 526 4943 Ι
540 4917 546 4930 .
558 4888 661 4929 .stores.
696 4880 729 4929 Et
744 4880 802 4929 ideo
815 4878 889 4928 cum)
925 4878 1109 4939 Nevertheless,
1123 4894 1157 4928 no
1171 4879 1293 4944 marginal
1305 4895 1373 4930 eross
1382 4896 1429 4930 can
1442 4882 1474 4931 be
1484 4882 1613 4942 detected;

254 4948 304 4996 and
317 4946 360 4996 the
370 4946 440 4995 word
452 4945 555 4996 ‘nichil'
567 4945 588 4995 is
599 4945 722 5010 peucilled
735 4945 762 4994 in
773 4945 817 4995 the
827 4951 899 4994 outer
909 4960 934 4993 m
981 4945 1014 4993 ἠ.

302 5010 313 5041 ²
330 5012 432 5061 Besides
443 5011 526 5060 rubric
535 5011 585 5061 and
597 5026 703 5065 erasure.
715 5010 758 5059 the
769 5009 898 5073 following
908 5024 955 5059 oen
1009 5009 1533 5073 deciphered:-‘Auarrartu...aeccloeiam
1545 5020 1614 5061 tuam

253 5078 279 5126 in
294 5077 344 5126 tuis
359 5076 490 5140 fidelibus!
508 5076 747 5141 ...pollentem...sta
761 5073 765 5139 Ι
780 5091 806 5124 re
821 5074 941 5124 doctrinis
956 5084 1054 5138 praesta
1072 5074 1101 5138 (i)
1117 5090 1267 5139 quaesumus
1285 5077 1315 5140 (l)
1335 5085 1362 5127 ut
1378 5094 1423 5142 per
1437 5094 1501 5142 quos
1515 5077 1519 5142 Ι
1533 5092 1610 5141 cog...

253 5142 348 5206 accepit
361 5143 489 5191 exordium
504 5160 510 5191 :
524 5157 568 5206 per
578 5157 621 5191 eos
635 5142 639 5205 Ι
656 5175 662 5188 .
675 5140 700 5189 in
713 5140 787 5190 finem
799 5140 890 5189 saeculi
902 5140 1007 5203 accipiat
1020 5174 1027 5187 .
1040 5139 1123 5189 maele
1137 5145 1141 5202 Ι
1156 5141 1188 5188 sti
1201 5174 1208 5187 .
1219 5175 1225 5187 .
1237 5156 1320 5205 augur.
1330 5140 1346 5189 .'
