<?xml version="1.0" encoding="UTF-8"?>
<!DOCTYPE html PUBLIC "-//W3C//DTD XHTML 1.0 Transitional//EN"
    "http://www.w3.org/TR/xhtml1/DTD/xhtml1-transitional.dtd">
<html xmlns="http://www.w3.org/1999/xhtml" xml:lang="en" lang="en">
 <head>
  <title>
</title>
<meta http-equiv="Content-Type" content="text/html;charset=utf-8" />
  <meta name='ocr-system' content='tesseract 3.04.00' />
  <meta name='ocr-capabilities' content='ocr_page ocr_carea ocr_par ocr_line ocrx_word'/>
</head>
<body>
  <div class='ocr_page' id='page_1' title='image "./missalstaugusti00englgoog_0358.png"; bbox 0 0 4109 6275; ppageno 0'>
   <div class='ocr_carea' id='block_1_1' title="bbox 452 768 511 847">
    <p class='ocr_par' dir='ltr' id='par_1_1' title="bbox 452 768 511 847">
     <span class='ocr_line' id='line_1_1' title="bbox 452 768 511 847; baseline 0.034 -19"><span class='ocrx_word' id='word_1_1' title='bbox 452 768 511 847; x_wconf 83' lang='lat'>158</span> 
     </span>
    </p>
   </div>
   <div class='ocr_carea' id='block_1_2' title="bbox 448 956 1102 1129">
    <p class='ocr_par' dir='ltr' id='par_1_2' title="bbox 448 956 1102 1129">
     <span class='ocr_line' id='line_1_2' title="bbox 448 956 1102 1040; baseline 0 -21"><span class='ocrx_word' id='word_1_2' title='bbox 448 976 605 1040; x_wconf 89' lang='lat' dir='ltr'>prospera</span> <span class='ocrx_word' id='word_1_3' title='bbox 636 958 820 1040; x_wconf 89' lang='lat' dir='ltr'>praesentis</span> <span class='ocrx_word' id='word_1_4' title='bbox 843 1008 850 1022; x_wconf 92' lang='lat'><strong>.</strong></span> <span class='ocrx_word' id='word_1_5' title='bbox 873 967 908 1022; x_wconf 86' lang='lat' dir='ltr'>et</span> <span class='ocrx_word' id='word_1_6' title='bbox 941 956 1102 1040; x_wconf 90' lang='lat' dir='ltr'>gaudium</span> 
     </span>
     <span class='ocr_line' id='line_1_3' title="bbox 448 1043 1102 1129; baseline 0.003 -22"><span class='ocrx_word' id='word_1_7' title='bbox 448 1043 577 1108; x_wconf 85' lang='lat' dir='ltr'>futurae</span> <span class='ocrx_word' id='word_1_8' title='bbox 597 1045 814 1110; x_wconf 84' lang='lat' dir='ltr'>beatitudinis</span> <span class='ocrx_word' id='word_1_9' title='bbox 838 1044 994 1129; x_wconf 82' lang='lat' dir='ltr'>adquirat</span> <span class='ocrx_word' id='word_1_10' title='bbox 1012 1068 1019 1107; x_wconf 89' lang='lat'><strong>:</strong></span> <span class='ocrx_word' id='word_1_11' title='bbox 1036 1064 1102 1127; x_wconf 93' lang='lat' dir='ltr'>per.</span> 
     </span>
    </p>
   </div>
   <div class='ocr_carea' id='block_1_3' title="bbox 658 1194 883 1244">
    <p class='ocr_par' dir='ltr' id='par_1_3' title="bbox 658 1194 883 1244">
     <span class='ocr_line' id='line_1_4' title="bbox 658 1194 883 1244; baseline 0.013 -3"><span class='ocrx_word' id='word_1_12' title='bbox 658 1194 883 1244; x_wconf 76' lang='grc' dir='ltr'>ΡΒΑΕΡΗΑΤΙΟ.</span> 
     </span>
    </p>
   </div>
   <div class='ocr_carea' id='block_1_4' title="bbox 449 1279 1106 2322">
    <p class='ocr_par' dir='ltr' id='par_1_4' title="bbox 519 1279 1103 1363">
     <span class='ocr_line' id='line_1_5' title="bbox 519 1279 1103 1363; baseline 0 -20"><span class='ocrx_word' id='word_1_13' title='bbox 519 1294 592 1343; x_wconf 75' lang='lat' dir='ltr'>aaa</span> <span class='ocrx_word' id='word_1_14' title='bbox 637 1293 817 1343; x_wconf 78' lang='lat' dir='ltr'>nnranun</span> <span class='ocrx_word' id='word_1_15' title='bbox 847 1331 853 1343; x_wconf 92' lang='lat'><strong>.</strong></span> <span class='ocrx_word' id='word_1_16' title='bbox 886 1279 953 1363; x_wconf 86' lang='lat' dir='ltr'>Qui</span> <span class='ocrx_word' id='word_1_17' title='bbox 1002 1280 1103 1344; x_wconf 85' lang='lat' dir='ltr'>beato</span> 
     </span>
    </p>

    <p class='ocr_par' dir='ltr' id='par_1_5' title="bbox 449 1366 1106 2322">
     <span class='ocr_line' id='line_1_6' title="bbox 540 1366 1104 1451; baseline 0 -21"><span class='ocrx_word' id='word_1_18' title='bbox 540 1366 754 1451; x_wconf 81' lang='lat' dir='ltr'>archipresuli</span> <span class='ocrx_word' id='word_1_19' title='bbox 795 1376 830 1430; x_wconf 90' lang='lat' dir='ltr'>et</span> <span class='ocrx_word' id='word_1_20' title='bbox 868 1368 1006 1449; x_wconf 82' lang='lat' dir='ltr'>martyri</span> <span class='ocrx_word' id='word_1_21' title='bbox 1044 1376 1104 1431; x_wconf 90' lang='lat' dir='ltr'>tuo</span> 
     </span>
     <span class='ocr_line' id='line_1_7' title="bbox 449 1455 1103 1536; baseline 0.002 -19"><span class='ocrx_word' id='word_1_22' title='bbox 449 1468 594 1518; x_wconf 76' lang='lat' dir='ltr'><strong>ALFEGO</strong></span> <span class='ocrx_word' id='word_1_23' title='bbox 624 1455 657 1516; x_wconf 90' lang='lat' dir='ltr'>in</span> <span class='ocrx_word' id='word_1_24' title='bbox 689 1455 843 1536; x_wconf 88' lang='lat' dir='ltr'>passione</span> <span class='ocrx_word' id='word_1_25' title='bbox 869 1455 994 1518; x_wconf 91' lang='lat' dir='ltr'>crudeli</span> <span class='ocrx_word' id='word_1_26' title='bbox 1025 1475 1103 1518; x_wconf 90' lang='lat' dir='ltr'>con·</span> 
     </span>
     <span class='ocr_line' id='line_1_8' title="bbox 449 1541 1104 1606; baseline 0 -1"><span class='ocrx_word' id='word_1_27' title='bbox 449 1543 608 1605; x_wconf 89' lang='lat' dir='ltr'>stantiam</span> <span class='ocrx_word' id='word_1_28' title='bbox 630 1541 732 1604; x_wconf 91' lang='lat' dir='ltr'>talem</span> <span class='ocrx_word' id='word_1_29' title='bbox 752 1542 950 1606; x_wconf 87' lang='lat' dir='ltr'>condonasti</span> <span class='ocrx_word' id='word_1_30' title='bbox 966 1590 973 1605; x_wconf 91' lang='lat'><strong>.</strong></span> <span class='ocrx_word' id='word_1_31' title='bbox 989 1552 1026 1606; x_wconf 90' lang='lat' dir='ltr'>ut</span> <span class='ocrx_word' id='word_1_32' title='bbox 1043 1561 1104 1605; x_wconf 89' lang='lat' dir='ltr'>nec</span> 
     </span>
     <span class='ocr_line' id='line_1_9' title="bbox 449 1627 1102 1711; baseline 0 -19"><span class='ocrx_word' id='word_1_33' title='bbox 449 1630 582 1692; x_wconf 89' lang='lat' dir='ltr'>territus</span> <span class='ocrx_word' id='word_1_34' title='bbox 612 1627 807 1711; x_wconf 85' lang='lat' dir='ltr'>aufugeret.</span> <span class='ocrx_word' id='word_1_35' title='bbox 824 1630 883 1692; x_wconf 92' lang='lat' dir='ltr'>sed</span> <span class='ocrx_word' id='word_1_36' title='bbox 910 1628 1102 1692; x_wconf 86' lang='lat' dir='ltr'>carnificum</span> 
     </span>
     <span class='ocr_line' id='line_1_10' title="bbox 450 1715 1104 1780; baseline 0 -1"><span class='ocrx_word' id='word_1_37' title='bbox 450 1716 575 1779; x_wconf 85' lang='lat' dir='ltr'>rabiem</span> <span class='ocrx_word' id='word_1_38' title='bbox 613 1715 645 1777; x_wconf 93' lang='lat' dir='ltr'>in</span> <span class='ocrx_word' id='word_1_39' title='bbox 681 1726 714 1779; x_wconf 90' lang='lat' dir='ltr'>te</span> <span class='ocrx_word' id='word_1_40' title='bbox 749 1715 924 1779; x_wconf 89' lang='lat' dir='ltr'>roboratus</span> <span class='ocrx_word' id='word_1_41' title='bbox 961 1717 1104 1780; x_wconf 90' lang='lat' dir='ltr'>inuictus</span> 
     </span>
     <span class='ocr_line' id='line_1_11' title="bbox 449 1802 1104 1886; baseline 0 -19"><span class='ocrx_word' id='word_1_42' title='bbox 449 1804 640 1867; x_wconf 90' lang='lat' dir='ltr'>deuinceret</span> <span class='ocrx_word' id='word_1_43' title='bbox 656 1852 663 1864; x_wconf 91' lang='lat'>.</span> <span class='ocrx_word' id='word_1_44' title='bbox 682 1802 773 1866; x_wconf 92' lang='lat' dir='ltr'>Hinc</span> <span class='ocrx_word' id='word_1_45' title='bbox 799 1824 879 1885; x_wconf 88' lang='lat' dir='ltr'>ergo</span> <span class='ocrx_word' id='word_1_46' title='bbox 905 1812 999 1867; x_wconf 90' lang='lat' dir='ltr'>tuam</span> <span class='ocrx_word' id='word_1_47' title='bbox 1026 1824 1104 1886; x_wconf 91' lang='lat' dir='ltr'>sup-</span> 
     </span>
     <span class='ocr_line' id='line_1_12' title="bbox 449 1889 1105 1973; baseline 0.003 -21"><span class='ocrx_word' id='word_1_48' title='bbox 449 1889 552 1972; x_wconf 91' lang='lat' dir='ltr'>plices</span> <span class='ocrx_word' id='word_1_49' title='bbox 589 1910 763 1973; x_wconf 89' lang='lat' dir='ltr'>precamur</span> <span class='ocrx_word' id='word_1_50' title='bbox 799 1889 1011 1953; x_wconf 89' lang='lat' dir='ltr'>clementiam</span> <span class='ocrx_word' id='word_1_51' title='bbox 1038 1900 1105 1954; x_wconf 89' lang='lat' dir='ltr'>:ut</span> 
     </span>
     <span class='ocr_line' id='line_1_13' title="bbox 451 1976 1105 2042; baseline 0.002 -3"><span class='ocrx_word' id='word_1_52' title='bbox 451 1997 511 2039; x_wconf 91' lang='lat' dir='ltr'>nos</span> <span class='ocrx_word' id='word_1_53' title='bbox 537 1977 581 2040; x_wconf 91' lang='lat' dir='ltr'>ab</span> <span class='ocrx_word' id='word_1_54' title='bbox 607 1976 794 2040; x_wconf 85' lang='lat' dir='ltr'>emulorum</span> <span class='ocrx_word' id='word_1_55' title='bbox 821 1987 1017 2042; x_wconf 89' lang='lat' dir='ltr'>cunctorum</span> <span class='ocrx_word' id='word_1_56' title='bbox 1050 1998 1105 2040; x_wconf 92' lang='lat' dir='ltr'>ne·</span> 
     </span>
     <span class='ocr_line' id='line_1_14' title="bbox 450 2063 1106 2147; baseline 0 -20"><span class='ocrx_word' id='word_1_57' title='bbox 450 2064 556 2147; x_wconf 89' lang='lat' dir='ltr'>quitia</span> <span class='ocrx_word' id='word_1_58' title='bbox 578 2063 739 2128; x_wconf 83' lang='lat' dir='ltr'>defendas</span> <span class='ocrx_word' id='word_1_59' title='bbox 759 2113 765 2128; x_wconf 92' lang='lat'><strong><em>.</em></strong></span> <span class='ocrx_word' id='word_1_60' title='bbox 784 2074 818 2128; x_wconf 92' lang='lat' dir='ltr'>et</span> <span class='ocrx_word' id='word_1_61' title='bbox 842 2065 874 2127; x_wconf 92' lang='lat' dir='ltr'>in</span> <span class='ocrx_word' id='word_1_62' title='bbox 899 2075 957 2129; x_wconf 91' lang='lat' dir='ltr'>tua</span> <span class='ocrx_word' id='word_1_63' title='bbox 980 2064 1106 2127; x_wconf 91' lang='lat' dir='ltr'>miseri-</span> 
     </span>
     <span class='ocr_line' id='line_1_15' title="bbox 450 2151 1105 2233; baseline 0.002 -19"><span class='ocrx_word' id='word_1_64' title='bbox 450 2152 564 2214; x_wconf 88' lang='lat' dir='ltr'>cordia</span> <span class='ocrx_word' id='word_1_65' title='bbox 595 2151 638 2214; x_wconf 89' lang='lat' dir='ltr'>ad</span> <span class='ocrx_word' id='word_1_66' title='bbox 673 2152 765 2233; x_wconf 91' lang='lat' dir='ltr'>regni</span> <span class='ocrx_word' id='word_1_67' title='bbox 798 2151 950 2215; x_wconf 89' lang='lat' dir='ltr'>caelestis</span> <span class='ocrx_word' id='word_1_68' title='bbox 984 2172 1105 2215; x_wconf 88' lang='lat' dir='ltr'>amena</span> 
     </span>
     <span class='ocr_line' id='line_1_16' title="bbox 450 2238 904 2322; baseline 0.002 -21"><span class='ocrx_word' id='word_1_69' title='bbox 450 2239 614 2322; x_wconf 87' lang='lat' dir='ltr'>perducas</span> <span class='ocrx_word' id='word_1_70' title='bbox 632 2258 714 2321; x_wconf 91' lang='lat' dir='ltr'>:per</span> <span class='ocrx_word' id='word_1_71' title='bbox 735 2238 904 2302; x_wconf 91' lang='lat' dir='ltr'>christum.</span> 
     </span>
    </p>
   </div>
   <div class='ocr_carea' id='block_1_5' title="bbox 625 2397 923 2449">
    <p class='ocr_par' dir='ltr' id='par_1_6' title="bbox 625 2397 923 2449">
     <span class='ocr_line' id='line_1_17' title="bbox 625 2397 923 2449; baseline 0.007 -3"><span class='ocrx_word' id='word_1_72' title='bbox 625 2397 923 2449; x_wconf 66' lang='lat' dir='ltr'>postcommunio.</span> 
     </span>
    </p>
   </div>
   <div class='ocr_carea' id='block_1_6' title="bbox 448 2481 1106 2913">
    <p class='ocr_par' dir='ltr' id='par_1_7' title="bbox 448 2481 1106 2913">
     <span class='ocr_line' id='line_1_18' title="bbox 448 2481 1106 2616; baseline 0.006 -73"><span class='ocrx_word' id='word_1_73' title='bbox 448 2481 627 2616; x_wconf 75' lang='lat' dir='ltr'>Sumptis</span> <span class='ocrx_word' id='word_1_74' title='bbox 637 2481 773 2545; x_wconf 92' lang='lat' dir='ltr'>domine</span> <span class='ocrx_word' id='word_1_75' title='bbox 783 2481 975 2545; x_wconf 88' lang='lat' dir='ltr'>muneribus</span> <span class='ocrx_word' id='word_1_76' title='bbox 987 2482 1106 2547; x_wconf 89' lang='lat' dir='ltr'>sacris.</span> 
     </span>
     <span class='ocr_line' id='line_1_19' title="bbox 496 2564 1106 2652; baseline 0.003 -22"><span class='ocrx_word' id='word_1_77' title='bbox 496 2564 499 2569; x_wconf 46' lang='lat'><em>⁴</em></span> <span class='ocrx_word' id='word_1_78' title='bbox 525 2569 751 2632; x_wconf 89' lang='lat' dir='ltr'>intercedente</span> <span class='ocrx_word' id='word_1_79' title='bbox 767 2569 867 2632; x_wconf 91' lang='lat' dir='ltr'>beato</span> <span class='ocrx_word' id='word_1_80' title='bbox 882 2568 1106 2652; x_wconf 84' lang='lat' dir='ltr'>archipresule</span> 
     </span>
     <span class='ocr_line' id='line_1_20' title="bbox 450 2658 1106 2738; baseline 0 -19"><span class='ocrx_word' id='word_1_81' title='bbox 450 2676 489 2719; x_wconf 90' lang='lat' dir='ltr'>ac</span> <span class='ocrx_word' id='word_1_82' title='bbox 514 2662 660 2738; x_wconf 80' lang='lat' dir='ltr'>martyre</span> <span class='ocrx_word' id='word_1_83' title='bbox 683 2666 742 2719; x_wconf 92' lang='lat' dir='ltr'>tuo</span> <span class='ocrx_word' id='word_1_84' title='bbox 764 2669 911 2721; x_wconf 77' lang='lat' dir='ltr'><strong>ALFEGO</strong></span> <span class='ocrx_word' id='word_1_85' title='bbox 933 2677 954 2720; x_wconf 95' lang='lat' dir='ltr'>a</span> <span class='ocrx_word' id='word_1_86' title='bbox 977 2658 1106 2720; x_wconf 88' lang='lat' dir='ltr'>cunctis</span> 
     </span>
     <span class='ocr_line' id='line_1_21' title="bbox 451 2742 1106 2826; baseline 0.003 -21"><span class='ocrx_word' id='word_1_87' title='bbox 451 2742 708 2806; x_wconf 90' lang='lat' dir='ltr'>aduersitatibus</span> <span class='ocrx_word' id='word_1_88' title='bbox 729 2763 904 2806; x_wconf 89' lang='lat' dir='ltr'>eruamur.</span> <span class='ocrx_word' id='word_1_89' title='bbox 922 2753 956 2806; x_wconf 91' lang='lat' dir='ltr'>et</span> <span class='ocrx_word' id='word_1_90' title='bbox 974 2745 1106 2826; x_wconf 87' lang='lat' dir='ltr'>gaudiis</span> 
     </span>
     <span class='ocr_line' id='line_1_22' title="bbox 452 2830 922 2913; baseline 0.004 -21"><span class='ocrx_word' id='word_1_91' title='bbox 452 2830 616 2893; x_wconf 89' lang='lat' dir='ltr'>mansuris</span> <span class='ocrx_word' id='word_1_92' title='bbox 632 2830 816 2894; x_wconf 90' lang='lat' dir='ltr'>inseramur</span> <span class='ocrx_word' id='word_1_93' title='bbox 833 2850 840 2893; x_wconf 93' lang='lat'><strong>:</strong></span> <span class='ocrx_word' id='word_1_94' title='bbox 855 2851 922 2913; x_wconf 89' lang='lat' dir='ltr'>per.</span> 
     </span>
    </p>
   </div>
   <div class='ocr_carea' id='block_1_7' title="bbox 454 2991 1106 3227">
    <p class='ocr_par' dir='ltr' id='par_1_8' title="bbox 454 2991 1106 3227">
     <span class='ocr_line' id='line_1_23' title="bbox 499 2991 1053 3047; baseline -0.007 0"><span class='ocrx_word' id='word_1_95' title='bbox 499 2991 634 3047; x_wconf 70' lang='lat' dir='ltr'>let-:orto</span> <span class='ocrx_word' id='word_1_96' title='bbox 659 2996 743 3042; x_wconf 77' lang='lat' dir='ltr'>tram</span> <span class='ocrx_word' id='word_1_97' title='bbox 773 2995 1053 3044; x_wconf 73' lang='lat' dir='ltr'>mucuaaeonum</span> 
     </span>
     <span class='ocr_line' id='line_1_24' title="bbox 454 3081 1106 3227; baseline 0 -79"><span class='ocrx_word' id='word_1_98' title='bbox 454 3097 520 3227; x_wconf 73' lang='grc' dir='ltr'>ΙΝ</span> <span class='ocrx_word' id='word_1_99' title='bbox 551 3082 669 3148; x_wconf 88' lang='lat' dir='ltr'>dicbus</span> <span class='ocrx_word' id='word_1_100' title='bbox 699 3081 763 3145; x_wconf 90' lang='lat' dir='ltr'>illis</span> <span class='ocrx_word' id='word_1_101' title='bbox 789 3106 796 3147; x_wconf 92' lang='lat'><strong>:</strong></span> <span class='ocrx_word' id='word_1_102' title='bbox 820 3083 874 3148; x_wconf 85' lang='lat' dir='ltr'>Uir</span> <span class='ocrx_word' id='word_1_103' title='bbox 907 3083 1106 3149; x_wconf 82' lang='lat' dir='ltr'>fortissimus</span> 
     </span>
    </p>
   </div>
   <div class='ocr_carea' id='block_1_8' title="bbox 450 3170 1107 4386">
    <p class='ocr_par' dir='ltr' id='par_1_9' title="bbox 450 3170 1107 4386">
     <span class='ocr_line' id='line_1_25' title="bbox 514 3170 1105 3236; baseline 0 -1"><span class='ocrx_word' id='word_1_104' title='bbox 514 3172 593 3235; x_wconf 91' lang='lat' dir='ltr'>inda</span> <span class='ocrx_word' id='word_1_105' title='bbox 608 3170 786 3235; x_wconf 90' lang='lat' dir='ltr'>collatione</span> <span class='ocrx_word' id='word_1_106' title='bbox 802 3172 890 3234; x_wconf 86' lang='lat' dir='ltr'>facta</span> <span class='ocrx_word' id='word_1_107' title='bbox 905 3195 912 3235; x_wconf 75' lang='grc' dir='ltr'><strong>ι</strong></span> <span class='ocrx_word' id='word_1_108' title='bbox 928 3173 1105 3236; x_wconf 92' lang='lat' dir='ltr'>duodecim</span> 
     </span>
     <span class='ocr_line' id='line_1_26' title="bbox 452 3258 1105 3340; baseline 0 -18"><span class='ocrx_word' id='word_1_109' title='bbox 452 3260 542 3322; x_wconf 91' lang='lat' dir='ltr'>milia</span> <span class='ocrx_word' id='word_1_110' title='bbox 565 3258 723 3339; x_wconf 87' lang='lat' dir='ltr'>dragmas</span> <span class='ocrx_word' id='word_1_111' title='bbox 747 3260 877 3340; x_wconf 84' lang='lat' dir='ltr'>argenti</span> <span class='ocrx_word' id='word_1_112' title='bbox 906 3259 995 3323; x_wconf 90' lang='lat' dir='ltr'>misit</span> <span class='ocrx_word' id='word_1_113' title='bbox 1023 3260 1105 3322; x_wconf 92' lang='lat' dir='ltr'>iero·</span> 
     </span>
     <span class='ocr_line' id='line_1_27' title="bbox 451 3342 1106 3429; baseline 0 -19"><span class='ocrx_word' id='word_1_114' title='bbox 451 3347 605 3410; x_wconf 91' lang='lat' dir='ltr'>solimam</span> <span class='ocrx_word' id='word_1_115' title='bbox 621 3342 730 3407; x_wconf 84' lang='lat' dir='ltr'>offerri</span> <span class='ocrx_word' id='word_1_116' title='bbox 752 3365 792 3408; x_wconf 90' lang='lat' dir='ltr'>ea</span> <span class='ocrx_word' id='word_1_117' title='bbox 811 3346 855 3408; x_wconf 93' lang='lat' dir='ltr'>ibi</span> <span class='ocrx_word' id='word_1_118' title='bbox 878 3367 938 3429; x_wconf 91' lang='lat' dir='ltr'>pro</span> <span class='ocrx_word' id='word_1_119' title='bbox 960 3347 1106 3429; x_wconf 90' lang='lat' dir='ltr'>peccatis</span> 
     </span>
     <span class='ocr_line' id='line_1_28' title="bbox 452 3433 1106 3526; baseline 0.003 -30"><span class='ocrx_word' id='word_1_120' title='bbox 452 3444 681 3526; x_wconf 76' lang='lat' dir='ltr'>mortuorum.</span> <span class='ocrx_word' id='word_1_121' title='bbox 699 3433 784 3495; x_wconf 91' lang='lat' dir='ltr'>iuste</span> <span class='ocrx_word' id='word_1_122' title='bbox 814 3442 848 3496; x_wconf 91' lang='lat' dir='ltr'>et</span> <span class='ocrx_word' id='word_1_123' title='bbox 880 3433 1033 3517; x_wconf 89' lang='lat' dir='ltr'>religiose</span> <span class='ocrx_word' id='word_1_124' title='bbox 1063 3435 1106 3498; x_wconf 92' lang='lat' dir='ltr'>de</span> 
     </span>
     <span class='ocr_line' id='line_1_29' title="bbox 452 3519 1104 3600; baseline 0.002 -17"><span class='ocrx_word' id='word_1_125' title='bbox 452 3520 690 3583; x_wconf 88' lang='lat' dir='ltr'>resurrectione</span> <span class='ocrx_word' id='word_1_126' title='bbox 720 3519 897 3600; x_wconf 86' lang='lat' dir='ltr'>cogitans.</span> <span class='ocrx_word' id='word_1_127' title='bbox 917 3521 984 3583; x_wconf 83' lang='lat' dir='ltr'>Nisi</span> <span class='ocrx_word' id='word_1_128' title='bbox 1015 3521 1104 3584; x_wconf 91' lang='lat' dir='ltr'>enim</span> 
     </span>
     <span class='ocr_line' id='line_1_30' title="bbox 452 3603 1106 3687; baseline 0 -16"><span class='ocrx_word' id='word_1_129' title='bbox 452 3627 510 3671; x_wconf 90' lang='lat' dir='ltr'>eos</span> <span class='ocrx_word' id='word_1_130' title='bbox 546 3608 602 3687; x_wconf 91' lang='lat' dir='ltr'>qui</span> <span class='ocrx_word' id='word_1_131' title='bbox 641 3603 829 3669; x_wconf 85' lang='lat' dir='ltr'>ceciderant</span> <span class='ocrx_word' id='word_1_132' title='bbox 867 3618 1106 3671; x_wconf 91' lang='lat' dir='ltr'>resurrecturos</span> 
     </span>
     <span class='ocr_line' id='line_1_31' title="bbox 451 3690 1106 3776; baseline 0.005 -20"><span class='ocrx_word' id='word_1_133' title='bbox 451 3702 599 3776; x_wconf 89' lang='lat' dir='ltr'>speraret</span> <span class='ocrx_word' id='word_1_134' title='bbox 617 3690 841 3775; x_wconf 89' lang='lat' dir='ltr'>:superfluum</span> <span class='ocrx_word' id='word_1_135' title='bbox 874 3694 1042 3758; x_wconf 87' lang='lat' dir='ltr'>uideretur</span> <span class='ocrx_word' id='word_1_136' title='bbox 1072 3704 1106 3759; x_wconf 93' lang='lat' dir='ltr'>et</span> 
     </span>
     <span class='ocr_line' id='line_1_32' title="bbox 452 3781 1106 3865; baseline 0.003 -21"><span class='ocrx_word' id='word_1_137' title='bbox 452 3799 576 3844; x_wconf 90' lang='lat' dir='ltr'>uanum</span> <span class='ocrx_word' id='word_1_138' title='bbox 594 3799 689 3843; x_wconf 91' lang='lat' dir='ltr'>orare</span> <span class='ocrx_word' id='word_1_139' title='bbox 707 3799 768 3861; x_wconf 93' lang='lat' dir='ltr'>pro</span> <span class='ocrx_word' id='word_1_140' title='bbox 787 3781 948 3845; x_wconf 88' lang='lat' dir='ltr'>mortuis.</span> <span class='ocrx_word' id='word_1_141' title='bbox 966 3781 1013 3845; x_wconf 86' lang='lat' dir='ltr'>Et</span> <span class='ocrx_word' id='word_1_142' title='bbox 1026 3784 1106 3865; x_wconf 89' lang='lat' dir='ltr'>quia</span> 
     </span>
     <span class='ocr_line' id='line_1_33' title="bbox 451 3866 1106 3951; baseline 0.003 -20"><span class='ocrx_word' id='word_1_143' title='bbox 451 3866 686 3931; x_wconf 88' lang='lat' dir='ltr'>considerabat</span> <span class='ocrx_word' id='word_1_144' title='bbox 705 3867 795 3949; x_wconf 91' lang='lat' dir='ltr'>quod</span> <span class='ocrx_word' id='word_1_145' title='bbox 815 3866 848 3930; x_wconf 96' lang='lat' dir='ltr'>hi</span> <span class='ocrx_word' id='word_1_146' title='bbox 868 3868 924 3950; x_wconf 90' lang='lat' dir='ltr'>qui</span> <span class='ocrx_word' id='word_1_147' title='bbox 943 3888 1020 3932; x_wconf 88' lang='lat' dir='ltr'>cum</span> <span class='ocrx_word' id='word_1_148' title='bbox 1036 3871 1106 3951; x_wconf 91' lang='lat' dir='ltr'>pie·</span> 
     </span>
     <span class='ocr_line' id='line_1_34' title="bbox 451 3954 1107 4038; baseline 0.003 -20"><span class='ocrx_word' id='word_1_149' title='bbox 451 3964 521 4019; x_wconf 89' lang='lat' dir='ltr'>tate</span> <span class='ocrx_word' id='word_1_150' title='bbox 536 3954 771 4018; x_wconf 91' lang='lat' dir='ltr'>dormitionem</span> <span class='ocrx_word' id='word_1_151' title='bbox 788 3964 986 4037; x_wconf 87' lang='lat' dir='ltr'>acceperant</span> <span class='ocrx_word' id='word_1_152' title='bbox 1001 3958 1107 4038; x_wconf 92' lang='lat' dir='ltr'>:opti-</span> 
     </span>
     <span class='ocr_line' id='line_1_35' title="bbox 453 4041 1106 4126; baseline 0.005 -21"><span class='ocrx_word' id='word_1_153' title='bbox 453 4062 543 4106; x_wconf 95' lang='lat' dir='ltr'>mam</span> <span class='ocrx_word' id='word_1_154' title='bbox 559 4041 720 4105; x_wconf 90' lang='lat' dir='ltr'>haberent</span> <span class='ocrx_word' id='word_1_155' title='bbox 737 4042 917 4124; x_wconf 91' lang='lat' dir='ltr'>repositam</span> <span class='ocrx_word' id='word_1_156' title='bbox 937 4044 1106 4126; x_wconf 89' lang='lat' dir='ltr'>gratiam.</span> 
     </span>
     <span class='ocr_line' id='line_1_36' title="bbox 452 4127 1106 4213; baseline 0 -20"><span class='ocrx_word' id='word_1_157' title='bbox 452 4130 578 4194; x_wconf 88' lang='lat' dir='ltr'>Sancta</span> <span class='ocrx_word' id='word_1_158' title='bbox 600 4148 681 4210; x_wconf 89' lang='lat' dir='ltr'>ergo</span> <span class='ocrx_word' id='word_1_159' title='bbox 704 4139 739 4191; x_wconf 92' lang='lat' dir='ltr'>et</span> <span class='ocrx_word' id='word_1_160' title='bbox 761 4127 903 4192; x_wconf 89' lang='lat' dir='ltr'>salubris</span> <span class='ocrx_word' id='word_1_161' title='bbox 925 4140 976 4193; x_wconf 90' lang='lat' dir='ltr'>est</span> <span class='ocrx_word' id='word_1_162' title='bbox 991 4180 997 4192; x_wconf 91' lang='lat'><strong>.</strong></span> <span class='ocrx_word' id='word_1_163' title='bbox 1014 4131 1106 4213; x_wconf 93' lang='lat' dir='ltr'>cogi·</span> 
     </span>
     <span class='ocr_line' id='line_1_37' title="bbox 450 4214 1106 4298; baseline 0.003 -19"><span class='ocrx_word' id='word_1_164' title='bbox 450 4217 535 4280; x_wconf 91' lang='lat' dir='ltr'>tatio</span> <span class='ocrx_word' id='word_1_165' title='bbox 558 4236 619 4298; x_wconf 88' lang='lat' dir='ltr'>pro</span> <span class='ocrx_word' id='word_1_166' title='bbox 641 4214 808 4279; x_wconf 87' lang='lat' dir='ltr'>defunctis</span> <span class='ocrx_word' id='word_1_167' title='bbox 830 4236 970 4280; x_wconf 88' lang='lat' dir='ltr'>exorare</span> <span class='ocrx_word' id='word_1_168' title='bbox 996 4241 1003 4281; x_wconf 91' lang='lat'>:</span> <span class='ocrx_word' id='word_1_169' title='bbox 1026 4227 1106 4282; x_wconf 92' lang='lat' dir='ltr'>uta</span> 
     </span>
     <span class='ocr_line' id='line_1_38' title="bbox 451 4302 801 4386; baseline -0.006 -19"><span class='ocrx_word' id='word_1_170' title='bbox 451 4303 597 4386; x_wconf 89' lang='lat' dir='ltr'>peccatis</span> <span class='ocrx_word' id='word_1_171' title='bbox 620 4302 801 4367; x_wconf 91' lang='lat' dir='ltr'>soluantur.</span> 
     </span>
    </p>
   </div>
   <div class='ocr_carea' id='block_1_9' title="bbox 701 4439 856 4504">
    <p class='ocr_par' dir='ltr' id='par_1_10' title="bbox 701 4439 856 4504">
     <span class='ocr_line' id='line_1_39' title="bbox 701 4439 856 4504; baseline 0.006 -15"><span class='ocrx_word' id='word_1_172' title='bbox 701 4439 706 4504; x_wconf 93' lang='grc' dir='ltr'>Ι</span> <span class='ocrx_word' id='word_1_173' title='bbox 719 4439 763 4490; x_wconf 87' lang='lat' dir='ltr'>lol.</span> <span class='ocrx_word' id='word_1_174' title='bbox 778 4454 856 4504; x_wconf 77' lang='lat' dir='ltr'>17rv.</span> 
     </span>
    </p>
   </div>
   <div class='ocr_carea' id='block_1_10' title="bbox 656 774 1602 841">
    <p class='ocr_par' dir='ltr' id='par_1_11' title="bbox 656 774 1602 841">
     <span class='ocr_line' id='line_1_40' title="bbox 656 774 1602 841; baseline -0.004 -13"><span class='ocrx_word' id='word_1_175' title='bbox 656 778 728 829; x_wconf 88' lang='lat' dir='ltr'>PRO</span> <span class='ocrx_word' id='word_1_176' title='bbox 751 774 850 829; x_wconf 87' lang='lat' dir='ltr'>REGE</span> <span class='ocrx_word' id='word_1_177' title='bbox 874 777 923 828; x_wconf 84' lang='lat' dir='ltr'>ET</span> <span class='ocrx_word' id='word_1_178' title='bbox 946 778 1091 829; x_wconf 84' lang='lat' dir='ltr'>REGINA</span> <span class='ocrx_word' id='word_1_179' title='bbox 1115 776 1341 841; x_wconf 67' lang='lat' dir='ltr'>eorumque</span> <span class='ocrx_word' id='word_1_180' title='bbox 1363 774 1602 827; x_wconf 85' lang='lat' dir='ltr'><strong>CHRISTIANO.</strong></span> 
     </span>
    </p>
   </div>
   <div class='ocr_carea' id='block_1_11' title="bbox 1151 953 1810 2413">
    <p class='ocr_par' dir='ltr' id='par_1_12' title="bbox 1271 953 1686 1005">
     <span class='ocr_line' id='line_1_41' title="bbox 1271 953 1686 1005; baseline -0.01 0"><span class='ocrx_word' id='word_1_181' title='bbox 1271 955 1464 1005; x_wconf 75' lang='lat' dir='ltr'>secunaum</span> <span class='ocrx_word' id='word_1_182' title='bbox 1494 953 1686 1003; x_wconf 68' lang='lat' dir='ltr'>tortarium.</span> 
     </span>
    </p>

    <p class='ocr_par' dir='ltr' id='par_1_13' title="bbox 1157 1037 1808 1186">
     <span class='ocr_line' id='line_1_42' title="bbox 1157 1037 1808 1186; baseline -0.009 -81"><span class='ocrx_word' id='word_1_183' title='bbox 1157 1055 1220 1186; x_wconf 76' lang='lat' dir='ltr'>IN</span> <span class='ocrx_word' id='word_1_184' title='bbox 1258 1040 1321 1105; x_wconf 91' lang='lat' dir='ltr'>illis</span> <span class='ocrx_word' id='word_1_185' title='bbox 1351 1040 1485 1106; x_wconf 84' lang='lat' dir='ltr'>:Dixit</span> <span class='ocrx_word' id='word_1_186' title='bbox 1524 1038 1680 1102; x_wconf 91' lang='lat' dir='ltr'>dominus</span> <span class='ocrx_word' id='word_1_187' title='bbox 1721 1037 1808 1100; x_wconf 89' lang='lat' dir='ltr'>iesus</span> 
     </span>
    </p>

    <p class='ocr_par' dir='ltr' id='par_1_14' title="bbox 1151 1122 1810 2413">
     <span class='ocr_line' id='line_1_43' title="bbox 1215 1122 1807 1211; baseline -0.01 -19"><span class='ocrx_word' id='word_1_188' title='bbox 1215 1128 1388 1211; x_wconf 91' lang='lat' dir='ltr'>discipulis</span> <span class='ocrx_word' id='word_1_189' title='bbox 1418 1128 1486 1190; x_wconf 91' lang='lat' dir='ltr'>suis</span> <span class='ocrx_word' id='word_1_190' title='bbox 1515 1136 1547 1190; x_wconf 83' lang='lat' dir='ltr'>et</span> <span class='ocrx_word' id='word_1_191' title='bbox 1580 1124 1687 1189; x_wconf 83' lang='lat' dir='ltr'>turbis</span> <span class='ocrx_word' id='word_1_192' title='bbox 1721 1122 1807 1186; x_wconf 62' lang='lat' dir='ltr'>rade-</span> 
     </span>
     <span class='ocr_line' id='line_1_44' title="bbox 1151 1212 1808 1297; baseline -0.012 -17"><span class='ocrx_word' id='word_1_193' title='bbox 1151 1222 1283 1280; x_wconf 78' lang='lat' dir='ltr'>orum1.</span> <span class='ocrx_word' id='word_1_194' title='bbox 1300 1216 1412 1281; x_wconf 91' lang='lat' dir='ltr'>Omne</span> <span class='ocrx_word' id='word_1_195' title='bbox 1428 1215 1518 1297; x_wconf 95' lang='lat' dir='ltr'>quod</span> <span class='ocrx_word' id='word_1_196' title='bbox 1534 1215 1593 1278; x_wconf 93' lang='lat' dir='ltr'>dat</span> <span class='ocrx_word' id='word_1_197' title='bbox 1610 1212 1691 1276; x_wconf 92' lang='lat' dir='ltr'>mihi</span> <span class='ocrx_word' id='word_1_198' title='bbox 1712 1220 1808 1294; x_wconf 88' lang='lat' dir='ltr'>pater</span> 
     </span>
     <span class='ocr_line' id='line_1_45' title="bbox 1152 1298 1806 1383; baseline -0.011 -16"><span class='ocrx_word' id='word_1_199' title='bbox 1152 1304 1196 1367; x_wconf 94' lang='lat' dir='ltr'>ad</span> <span class='ocrx_word' id='word_1_200' title='bbox 1213 1324 1267 1367; x_wconf 91' lang='lat' dir='ltr'>me</span> <span class='ocrx_word' id='word_1_201' title='bbox 1282 1304 1395 1367; x_wconf 92' lang='lat' dir='ltr'>ueniet</span> <span class='ocrx_word' id='word_1_202' title='bbox 1411 1326 1418 1366; x_wconf 90' lang='lat'>:</span> <span class='ocrx_word' id='word_1_203' title='bbox 1434 1312 1468 1365; x_wconf 89' lang='lat' dir='ltr'>et</span> <span class='ocrx_word' id='word_1_204' title='bbox 1483 1321 1560 1365; x_wconf 92' lang='lat' dir='ltr'>eum</span> <span class='ocrx_word' id='word_1_205' title='bbox 1576 1299 1633 1383; x_wconf 90' lang='lat' dir='ltr'>qui</span> <span class='ocrx_word' id='word_1_206' title='bbox 1650 1300 1743 1362; x_wconf 90' lang='lat' dir='ltr'>uenit</span> <span class='ocrx_word' id='word_1_207' title='bbox 1762 1298 1806 1360; x_wconf 91' lang='lat' dir='ltr'>ad</span> 
     </span>
     <span class='ocr_line' id='line_1_46' title="bbox 1154 1386 1807 1470; baseline -0.011 -15"><span class='ocrx_word' id='word_1_208' title='bbox 1154 1411 1208 1455; x_wconf 90' lang='lat' dir='ltr'>me</span> <span class='ocrx_word' id='word_1_209' title='bbox 1220 1410 1287 1455; x_wconf 92' lang='lat' dir='ltr'>non</span> <span class='ocrx_word' id='word_1_210' title='bbox 1304 1389 1421 1453; x_wconf 91' lang='lat' dir='ltr'>eiciam</span> <span class='ocrx_word' id='word_1_211' title='bbox 1438 1389 1527 1452; x_wconf 79' lang='lat' dir='ltr'>foras</span> <span class='ocrx_word' id='word_1_212' title='bbox 1539 1438 1546 1451; x_wconf 93' lang='lat'><strong>.</strong></span> <span class='ocrx_word' id='word_1_213' title='bbox 1558 1389 1638 1470; x_wconf 94' lang='lat' dir='ltr'>quia</span> <span class='ocrx_word' id='word_1_214' title='bbox 1649 1386 1807 1450; x_wconf 88' lang='lat' dir='ltr'>descendi</span> 
     </span>
     <span class='ocr_line' id='line_1_47' title="bbox 1152 1474 1806 1542; baseline -0.011 0"><span class='ocrx_word' id='word_1_215' title='bbox 1152 1479 1195 1542; x_wconf 88' lang='lat' dir='ltr'>de</span> <span class='ocrx_word' id='word_1_216' title='bbox 1210 1477 1304 1541; x_wconf 91' lang='lat' dir='ltr'>caelo</span> <span class='ocrx_word' id='word_1_217' title='bbox 1321 1497 1386 1542; x_wconf 90' lang='lat' dir='ltr'>non</span> <span class='ocrx_word' id='word_1_218' title='bbox 1404 1486 1439 1540; x_wconf 94' lang='lat' dir='ltr'>ut</span> <span class='ocrx_word' id='word_1_219' title='bbox 1456 1475 1575 1538; x_wconf 85' lang='lat' dir='ltr'>faciam</span> <span class='ocrx_word' id='word_1_220' title='bbox 1598 1474 1806 1537; x_wconf 86' lang='lat' dir='ltr'>uoluntatem</span> 
     </span>
     <span class='ocr_line' id='line_1_48' title="bbox 1153 1559 1806 1643; baseline -0.009 -15"><span class='ocrx_word' id='word_1_221' title='bbox 1153 1585 1263 1628; x_wconf 90' lang='lat' dir='ltr'>meam</span> <span class='ocrx_word' id='word_1_222' title='bbox 1290 1564 1378 1628; x_wconf 86' lang='lat' dir='ltr'>:sed</span> <span class='ocrx_word' id='word_1_223' title='bbox 1409 1563 1619 1627; x_wconf 91' lang='lat' dir='ltr'>uoluntatem</span> <span class='ocrx_word' id='word_1_224' title='bbox 1650 1562 1721 1624; x_wconf 89' lang='lat' dir='ltr'>eius</span> <span class='ocrx_word' id='word_1_225' title='bbox 1750 1559 1806 1643; x_wconf 93' lang='lat' dir='ltr'>qui</span> 
     </span>
     <span class='ocr_line' id='line_1_49' title="bbox 1153 1646 1809 1715; baseline -0.009 0"><span class='ocrx_word' id='word_1_226' title='bbox 1153 1653 1244 1715; x_wconf 91' lang='lat' dir='ltr'>misit</span> <span class='ocrx_word' id='word_1_227' title='bbox 1262 1672 1316 1715; x_wconf 90' lang='lat' dir='ltr'>me</span> <span class='ocrx_word' id='word_1_228' title='bbox 1328 1701 1335 1715; x_wconf 93' lang='lat'><strong>.</strong></span> <span class='ocrx_word' id='word_1_229' title='bbox 1348 1651 1443 1714; x_wconf 91' lang='lat' dir='ltr'>Haec</span> <span class='ocrx_word' id='word_1_230' title='bbox 1456 1660 1507 1713; x_wconf 92' lang='lat' dir='ltr'>est</span> <span class='ocrx_word' id='word_1_231' title='bbox 1517 1646 1641 1712; x_wconf 72' lang='lat' dir='ltr'>autern²</span> <span class='ocrx_word' id='word_1_232' title='bbox 1652 1647 1809 1711; x_wconf 89' lang='lat' dir='ltr'>uoluntas</span> 
     </span>
     <span class='ocr_line' id='line_1_50' title="bbox 1153 1737 1810 1821; baseline -0.008 -19"><span class='ocrx_word' id='word_1_233' title='bbox 1153 1739 1224 1803; x_wconf 92' lang='lat' dir='ltr'>eius</span> <span class='ocrx_word' id='word_1_234' title='bbox 1239 1739 1295 1821; x_wconf 93' lang='lat' dir='ltr'>qui</span> <span class='ocrx_word' id='word_1_235' title='bbox 1313 1738 1422 1812; x_wconf 76' lang='lat' dir='ltr'>limisit</span> <span class='ocrx_word' id='word_1_236' title='bbox 1444 1758 1497 1801; x_wconf 90' lang='lat' dir='ltr'>me</span> <span class='ocrx_word' id='word_1_237' title='bbox 1510 1737 1624 1819; x_wconf 80' lang='lat' dir='ltr'>patrr&#39;s</span> <span class='ocrx_word' id='word_1_238' title='bbox 1638 1756 1647 1798; x_wconf 90' lang='lat'>:</span> <span class='ocrx_word' id='word_1_239' title='bbox 1662 1744 1701 1798; x_wconf 83' lang='lat' dir='ltr'>ut</span> <span class='ocrx_word' id='word_1_240' title='bbox 1717 1754 1810 1797; x_wconf 83' lang='lat' dir='ltr'>omne</span> 
     </span>
     <span class='ocr_line' id='line_1_51' title="bbox 1152 1822 1807 1908; baseline -0.008 -19"><span class='ocrx_word' id='word_1_241' title='bbox 1152 1827 1240 1908; x_wconf 82' lang='lat' dir='ltr'>quod</span> <span class='ocrx_word' id='word_1_242' title='bbox 1266 1824 1356 1888; x_wconf 70' lang='lat' dir='ltr'>dedit</span> <span class='ocrx_word' id='word_1_243' title='bbox 1384 1824 1469 1888; x_wconf 81' lang='lat' dir='ltr'>milri</span> <span class='ocrx_word' id='word_1_244' title='bbox 1493 1822 1572 1888; x_wconf 70' lang='grc' dir='ltr'>ποκ’</span> <span class='ocrx_word' id='word_1_245' title='bbox 1598 1822 1735 1906; x_wconf 89' lang='lat' dir='ltr'>perdam</span> <span class='ocrx_word' id='word_1_246' title='bbox 1763 1842 1807 1884; x_wconf 86' lang='lat' dir='ltr'>ex</span> 
     </span>
     <span class='ocr_line' id='line_1_52' title="bbox 1153 1910 1808 1977; baseline -0.008 -1"><span class='ocrx_word' id='word_1_247' title='bbox 1153 1935 1194 1976; x_wconf 91' lang='lat' dir='ltr'>eo</span> <span class='ocrx_word' id='word_1_248' title='bbox 1210 1964 1217 1977; x_wconf 95' lang='lat'><em>.</em></span> <span class='ocrx_word' id='word_1_249' title='bbox 1232 1914 1290 1976; x_wconf 92' lang='lat' dir='ltr'>sed</span> <span class='ocrx_word' id='word_1_250' title='bbox 1313 1913 1506 1976; x_wconf 90' lang='lat' dir='ltr'>resuscitem</span> <span class='ocrx_word' id='word_1_251' title='bbox 1528 1910 1625 1973; x_wconf 86' lang='lat' dir='ltr'>illud⁴</span> <span class='ocrx_word' id='word_1_252' title='bbox 1645 1910 1678 1972; x_wconf 92' lang='lat' dir='ltr'>in</span> <span class='ocrx_word' id='word_1_253' title='bbox 1698 1911 1808 1972; x_wconf 91' lang='lat' dir='ltr'>nouis·</span> 
     </span>
     <span class='ocr_line' id='line_1_53' title="bbox 1153 1996 1808 2064; baseline -0.006 -1"><span class='ocrx_word' id='word_1_254' title='bbox 1153 2001 1239 2063; x_wconf 91' lang='lat' dir='ltr'>simo</span> <span class='ocrx_word' id='word_1_255' title='bbox 1254 2001 1309 2064; x_wconf 91' lang='lat' dir='ltr'>die</span> <span class='ocrx_word' id='word_1_256' title='bbox 1325 2050 1331 2064; x_wconf 92' lang='lat'>.</span> <span class='ocrx_word' id='word_1_257' title='bbox 1350 1999 1447 2063; x_wconf 89' lang='lat' dir='ltr'>Haec</span> <span class='ocrx_word' id='word_1_258' title='bbox 1463 2009 1513 2063; x_wconf 93' lang='lat' dir='ltr'>est</span> <span class='ocrx_word' id='word_1_259' title='bbox 1526 2048 1533 2062; x_wconf 93' lang='lat'><strong>.</strong></span> <span class='ocrx_word' id='word_1_260' title='bbox 1546 1998 1635 2061; x_wconf 88' lang='lat' dir='ltr'>enim</span> <span class='ocrx_word' id='word_1_261' title='bbox 1652 1996 1808 2060; x_wconf 90' lang='lat' dir='ltr'>uoluntas</span> 
     </span>
     <span class='ocr_line' id='line_1_54' title="bbox 1154 2084 1809 2171; baseline -0.009 -20"><span class='ocrx_word' id='word_1_262' title='bbox 1154 2088 1257 2171; x_wconf 92' lang='lat' dir='ltr'>patris</span> <span class='ocrx_word' id='word_1_263' title='bbox 1274 2088 1338 2150; x_wconf 91' lang='lat' dir='ltr'>mei</span> <span class='ocrx_word' id='word_1_264' title='bbox 1357 2088 1413 2169; x_wconf 88' lang='lat' dir='ltr'>qui</span> <span class='ocrx_word' id='word_1_265' title='bbox 1435 2087 1526 2150; x_wconf 92' lang='lat' dir='ltr'>misit</span> <span class='ocrx_word' id='word_1_266' title='bbox 1547 2105 1601 2148; x_wconf 91' lang='lat' dir='ltr'>me</span> <span class='ocrx_word' id='word_1_267' title='bbox 1619 2093 1678 2147; x_wconf 90' lang='lat' dir='ltr'>:ut</span> <span class='ocrx_word' id='word_1_268' title='bbox 1699 2084 1809 2147; x_wconf 86' lang='lat' dir='ltr'>omnis</span> 
     </span>
     <span class='ocr_line' id='line_1_55' title="bbox 1154 2172 1807 2259; baseline -0.008 -21"><span class='ocrx_word' id='word_1_269' title='bbox 1154 2176 1210 2259; x_wconf 92' lang='lat' dir='ltr'>qui</span> <span class='ocrx_word' id='word_1_270' title='bbox 1239 2176 1331 2239; x_wconf 90' lang='lat' dir='ltr'>uidet</span> <span class='ocrx_word' id='word_1_271' title='bbox 1355 2173 1458 2238; x_wconf 89' lang='lat' dir='ltr'>filium</span> <span class='ocrx_word' id='word_1_272' title='bbox 1485 2184 1519 2237; x_wconf 90' lang='lat' dir='ltr'>et</span> <span class='ocrx_word' id='word_1_273' title='bbox 1541 2172 1646 2235; x_wconf 90' lang='lat' dir='ltr'>credit</span> <span class='ocrx_word' id='word_1_274' title='bbox 1674 2175 1707 2233; x_wconf 89' lang='lat' dir='ltr'>in</span> <span class='ocrx_word' id='word_1_275' title='bbox 1730 2191 1807 2234; x_wconf 90' lang='lat' dir='ltr'>eum</span> 
     </span>
     <span class='ocr_line' id='line_1_56' title="bbox 1154 2258 1809 2340; baseline -0.008 -15"><span class='ocrx_word' id='word_1_276' title='bbox 1154 2262 1278 2326; x_wconf 90' lang='lat' dir='ltr'>habeat</span> <span class='ocrx_word' id='word_1_277' title='bbox 1308 2261 1413 2326; x_wconf 88' lang='lat' dir='ltr'>uitam</span> <span class='ocrx_word' id='word_1_278' title='bbox 1444 2272 1644 2324; x_wconf 88' lang='lat' dir='ltr'>aeternam.</span> <span class='ocrx_word' id='word_1_279' title='bbox 1669 2258 1715 2322; x_wconf 89' lang='lat' dir='ltr'>Et</span> <span class='ocrx_word' id='word_1_280' title='bbox 1744 2278 1809 2340; x_wconf 89' lang='lat' dir='ltr'>ego</span> 
     </span>
     <span class='ocr_line' id='line_1_57' title="bbox 1155 2346 1808 2413; baseline -0.008 0"><span class='ocrx_word' id='word_1_281' title='bbox 1155 2348 1360 2413; x_wconf 86' lang='lat' dir='ltr'>resuscitabo</span> <span class='ocrx_word' id='word_1_282' title='bbox 1376 2369 1453 2413; x_wconf 91' lang='lat' dir='ltr'>eum</span> <span class='ocrx_word' id='word_1_283' title='bbox 1472 2349 1529 2412; x_wconf 90' lang='lat' dir='ltr'>:in</span> <span class='ocrx_word' id='word_1_284' title='bbox 1546 2346 1729 2411; x_wconf 91' lang='lat' dir='ltr'>nouissimo</span> <span class='ocrx_word' id='word_1_285' title='bbox 1744 2346 1808 2409; x_wconf 92' lang='lat' dir='ltr'>die.</span> 
     </span>
    </p>
   </div>
   <div class='ocr_carea' id='block_1_12' title="bbox 1155 2527 1809 2869">
    <p class='ocr_par' dir='ltr' id='par_1_15' title="bbox 1155 2527 1809 2869">
     <span class='ocr_line' id='line_1_58' title="bbox 1155 2527 1809 2586; baseline -0.008 0"><span class='ocrx_word' id='word_1_286' title='bbox 1155 2531 1284 2586; x_wconf 88' lang='lat' dir='ltr'>Ostende</span> <span class='ocrx_word' id='word_1_287' title='bbox 1317 2529 1401 2584; x_wconf 90' lang='lat' dir='ltr'>nobis</span> <span class='ocrx_word' id='word_1_288' title='bbox 1434 2528 1550 2583; x_wconf 88' lang='lat' dir='ltr'>domine</span> <span class='ocrx_word' id='word_1_289' title='bbox 1584 2527 1809 2583; x_wconf 88' lang='lat' dir='ltr'>misericordiam</span> 
     </span>
     <span class='ocr_line' id='line_1_59' title="bbox 1189 2599 1809 2671; baseline -0.006 -16"><span class='ocrx_word' id='word_1_290' title='bbox 1189 2612 1287 2656; x_wconf 88' lang='lat' dir='ltr'>tuam.</span> <span class='ocrx_word' id='word_1_291' title='bbox 1303 2603 1370 2655; x_wconf 89' lang='lat' dir='ltr'>Post</span> <span class='ocrx_word' id='word_1_292' title='bbox 1391 2610 1504 2671; x_wconf 87' lang='lat' dir='ltr'>partum</span> <span class='ocrx_word' id='word_1_293' title='bbox 1523 2599 1681 2669; x_wconf 86' lang='lat' dir='ltr'>uirgo.Tu</span> <span class='ocrx_word' id='word_1_294' title='bbox 1699 2616 1731 2652; x_wconf 87' lang='lat' dir='ltr'>es</span> <span class='ocrx_word' id='word_1_295' title='bbox 1749 2607 1809 2669; x_wconf 91' lang='lat' dir='ltr'>pet-</span> 
     </span>
     <span class='ocr_line' id='line_1_60' title="bbox 1190 2670 1808 2742; baseline -0.006 -17"><span class='ocrx_word' id='word_1_296' title='bbox 1190 2690 1256 2727; x_wconf 92' lang='lat' dir='ltr'>rus.</span> <span class='ocrx_word' id='word_1_297' title='bbox 1271 2674 1330 2727; x_wconf 91' lang='lat' dir='ltr'>Ora</span> <span class='ocrx_word' id='word_1_298' title='bbox 1352 2689 1403 2742; x_wconf 93' lang='lat' dir='ltr'>pro</span> <span class='ocrx_word' id='word_1_299' title='bbox 1422 2671 1505 2726; x_wconf 92' lang='lat' dir='ltr'>nobis</span> <span class='ocrx_word' id='word_1_300' title='bbox 1524 2672 1608 2726; x_wconf 87' lang='lat' dir='ltr'>beate</span> <span class='ocrx_word' id='word_1_301' title='bbox 1629 2670 1808 2740; x_wconf 73' lang='lat' dir='ltr'>Augustino.</span> 
     </span>
     <span class='ocr_line' id='line_1_61' title="bbox 1191 2740 1809 2812; baseline -0.01 -13"><span class='ocrx_word' id='word_1_302' title='bbox 1191 2744 1305 2812; x_wconf 80' lang='lat' dir='ltr'>Exurge</span> <span class='ocrx_word' id='word_1_303' title='bbox 1322 2743 1438 2798; x_wconf 87' lang='lat' dir='ltr'>domine</span> <span class='ocrx_word' id='word_1_304' title='bbox 1456 2742 1560 2796; x_wconf 88' lang='lat' dir='ltr'>adiuua</span> <span class='ocrx_word' id='word_1_305' title='bbox 1579 2758 1652 2796; x_wconf 88' lang='lat' dir='ltr'>nos.</span> <span class='ocrx_word' id='word_1_306' title='bbox 1667 2740 1809 2795; x_wconf 90' lang='lat' dir='ltr'>Dominus</span> 
     </span>
     <span class='ocr_line' id='line_1_62' title="bbox 1190 2813 1346 2869; baseline 0 -1"><span class='ocrx_word' id='word_1_307' title='bbox 1190 2813 1346 2869; x_wconf 83' lang='lat' dir='ltr'>uobiscum.</span> 
     </span>
    </p>
   </div>
   <div class='ocr_carea' id='block_1_13' title="bbox 1153 2944 1811 3815">
    <p class='ocr_par' dir='ltr' id='par_1_16' title="bbox 1153 2944 1811 3815">
     <span class='ocr_line' id='line_1_63' title="bbox 1160 2944 1807 3089; baseline -0.008 -79"><span class='ocrx_word' id='word_1_308' title='bbox 1160 2960 1299 3089; x_wconf 75' lang='lat' dir='ltr'>DEUS</span> <span class='ocrx_word' id='word_1_309' title='bbox 1326 2944 1490 3028; x_wconf 81' lang='lat' dir='ltr'>refugium</span> <span class='ocrx_word' id='word_1_310' title='bbox 1514 2953 1664 3009; x_wconf 90' lang='lat' dir='ltr'>nostrum</span> <span class='ocrx_word' id='word_1_311' title='bbox 1687 2954 1722 3007; x_wconf 92' lang='lat' dir='ltr'>et</span> <span class='ocrx_word' id='word_1_312' title='bbox 1744 2945 1807 3007; x_wconf 90' lang='lat' dir='ltr'>uir·</span> 
     </span>
     <span class='ocr_line' id='line_1_64' title="bbox 1251 3032 1809 3115; baseline -0.005 -18"><span class='ocrx_word' id='word_1_313' title='bbox 1251 3034 1451 3098; x_wconf 89' lang='lat' dir='ltr'>tus.adesto</span> <span class='ocrx_word' id='word_1_314' title='bbox 1463 3032 1527 3115; x_wconf 94' lang='lat' dir='ltr'>piis</span> <span class='ocrx_word' id='word_1_315' title='bbox 1539 3032 1718 3095; x_wconf 90' lang='lat' dir='ltr'>aecclesiae</span> <span class='ocrx_word' id='word_1_316' title='bbox 1729 3041 1809 3095; x_wconf 87' lang='lat' dir='ltr'>tuae</span> 
     </span>
     <span class='ocr_line' id='line_1_65' title="bbox 1155 3118 1810 3205; baseline -0.005 -20"><span class='ocrx_word' id='word_1_317' title='bbox 1155 3121 1307 3205; x_wconf 90' lang='lat' dir='ltr'>precibus</span> <span class='ocrx_word' id='word_1_318' title='bbox 1341 3130 1457 3185; x_wconf 91' lang='lat' dir='ltr'>auctor</span> <span class='ocrx_word' id='word_1_319' title='bbox 1487 3120 1558 3203; x_wconf 89' lang='lat' dir='ltr'>ipsc</span> <span class='ocrx_word' id='word_1_320' title='bbox 1588 3118 1722 3204; x_wconf 88' lang='lat' dir='ltr'>pietatis</span> <span class='ocrx_word' id='word_1_321' title='bbox 1745 3169 1752 3183; x_wconf 95' lang='lat'><em>.</em></span> <span class='ocrx_word' id='word_1_322' title='bbox 1775 3129 1810 3182; x_wconf 92' lang='lat' dir='ltr'>et</span> 
     </span>
     <span class='ocr_line' id='line_1_66' title="bbox 1155 3208 1809 3293; baseline -0.005 -20"><span class='ocrx_word' id='word_1_323' title='bbox 1155 3218 1287 3293; x_wconf 88' lang='lat' dir='ltr'>praesta</span> <span class='ocrx_word' id='word_1_324' title='bbox 1310 3229 1369 3292; x_wconf 90' lang='lat' dir='ltr'>per</span> <span class='ocrx_word' id='word_1_325' title='bbox 1392 3208 1661 3272; x_wconf 86' lang='lat' dir='ltr'>intercessionem</span> <span class='ocrx_word' id='word_1_326' title='bbox 1690 3208 1809 3271; x_wconf 89' lang='lat' dir='ltr'>beatae</span> 
     </span>
     <span class='ocr_line' id='line_1_67' title="bbox 1155 3295 1810 3379; baseline -0.006 -19"><span class='ocrx_word' id='word_1_327' title='bbox 1155 3297 1209 3360; x_wconf 93' lang='lat' dir='ltr'>dei</span> <span class='ocrx_word' id='word_1_328' title='bbox 1237 3296 1409 3379; x_wconf 87' lang='lat' dir='ltr'>genitricis</span> <span class='ocrx_word' id='word_1_329' title='bbox 1439 3315 1636 3379; x_wconf 86' lang='lat' dir='ltr'>semperque</span> <span class='ocrx_word' id='word_1_330' title='bbox 1671 3295 1810 3376; x_wconf 87' lang='lat' dir='ltr'>uirginis</span> 
     </span>
     <span class='ocr_line' id='line_1_68' title="bbox 1156 3383 1809 3464; baseline -0.005 -17"><span class='ocrx_word' id='word_1_331' title='bbox 1156 3396 1302 3447; x_wconf 68' lang='lat' dir='ltr'>Manlau</span> <span class='ocrx_word' id='word_1_332' title='bbox 1318 3435 1324 3447; x_wconf 95' lang='lat'>.</span> <span class='ocrx_word' id='word_1_333' title='bbox 1341 3392 1375 3446; x_wconf 91' lang='lat' dir='ltr'>et</span> <span class='ocrx_word' id='word_1_334' title='bbox 1401 3383 1508 3446; x_wconf 90' lang='lat' dir='ltr'>sancti</span> <span class='ocrx_word' id='word_1_335' title='bbox 1537 3395 1647 3445; x_wconf 75' lang='lat' dir='ltr'><strong>PETRI</strong></span> <span class='ocrx_word' id='word_1_336' title='bbox 1675 3393 1809 3464; x_wconf 88' lang='lat' dir='ltr'>aposto·</span> 
     </span>
     <span class='ocr_line' id='line_1_69' title="bbox 1154 3470 1810 3553; baseline -0.003 -19"><span class='ocrx_word' id='word_1_337' title='bbox 1154 3470 1262 3534; x_wconf 91' lang='lat' dir='ltr'>lorum</span> <span class='ocrx_word' id='word_1_338' title='bbox 1278 3470 1460 3553; x_wconf 92' lang='lat' dir='ltr'>principis.</span> <span class='ocrx_word' id='word_1_339' title='bbox 1477 3472 1652 3553; x_wconf 90' lang='lat' dir='ltr'>sanctique</span> <span class='ocrx_word' id='word_1_340' title='bbox 1669 3482 1810 3533; x_wconf 78' lang='lat' dir='ltr'>AUGUS-</span> 
     </span>
     <span class='ocr_line' id='line_1_70' title="bbox 1154 3554 1811 3641; baseline -0.006 -20"><span class='ocrx_word' id='word_1_341' title='bbox 1154 3572 1236 3621; x_wconf 79' lang='lat' dir='ltr'>T1N1</span> <span class='ocrx_word' id='word_1_342' title='bbox 1247 3559 1379 3641; x_wconf 91' lang='lat' dir='ltr'>patroni</span> <span class='ocrx_word' id='word_1_343' title='bbox 1391 3557 1494 3621; x_wconf 89' lang='lat' dir='ltr'>nostri</span> <span class='ocrx_word' id='word_1_344' title='bbox 1504 3606 1511 3619; x_wconf 90' lang='lat'><strong>.</strong></span> <span class='ocrx_word' id='word_1_345' title='bbox 1522 3565 1558 3620; x_wconf 93' lang='lat' dir='ltr'>ut</span> <span class='ocrx_word' id='word_1_346' title='bbox 1568 3557 1658 3639; x_wconf 93' lang='lat' dir='ltr'>quod</span> <span class='ocrx_word' id='word_1_347' title='bbox 1669 3554 1811 3619; x_wconf 90' lang='lat' dir='ltr'>fideliter</span> 
     </span>
     <span class='ocr_line' id='line_1_71' title="bbox 1153 3644 1810 3729; baseline -0.003 -20"><span class='ocrx_word' id='word_1_348' title='bbox 1153 3647 1300 3729; x_wconf 89' lang='lat' dir='ltr'>petimus</span> <span class='ocrx_word' id='word_1_349' title='bbox 1317 3695 1323 3708; x_wconf 96' lang='lat'><strong>.</strong></span> <span class='ocrx_word' id='word_1_350' title='bbox 1339 3644 1516 3709; x_wconf 89' lang='lat' dir='ltr'>efficaciter</span> <span class='ocrx_word' id='word_1_351' title='bbox 1542 3662 1810 3725; x_wconf 89' lang='lat' dir='ltr'>consequamur.</span> 
     </span>
     <span class='ocr_line' id='line_1_72' title="bbox 1154 3733 1395 3815; baseline 0.004 -21"><span class='ocrx_word' id='word_1_352' title='bbox 1154 3753 1213 3815; x_wconf 90' lang='lat' dir='ltr'>per</span> <span class='ocrx_word' id='word_1_353' title='bbox 1228 3733 1395 3795; x_wconf 80' lang='lat' dir='ltr'>eundem‘.</span> 
     </span>
    </p>
   </div>
   <div class='ocr_carea' id='block_1_14' title="bbox 1155 3915 1808 4074">
    <p class='ocr_par' dir='ltr' id='par_1_17' title="bbox 1155 3915 1808 4074">
     <span class='ocr_line' id='line_1_73' title="bbox 1155 3915 1808 3994; baseline -0.008 -14"><span class='ocrx_word' id='word_1_354' title='bbox 1155 3920 1266 3994; x_wconf 73' lang='grc' dir='ltr'>ΙΡΒΟ</span> <span class='ocrx_word' id='word_1_355' title='bbox 1290 3919 1417 3980; x_wconf 76' lang='lat' dir='ltr'><strong>REGE</strong></span> <span class='ocrx_word' id='word_1_356' title='bbox 1442 3919 1502 3978; x_wconf 90' lang='grc' dir='ltr'>ΕΤ</span> <span class='ocrx_word' id='word_1_357' title='bbox 1525 3915 1707 3977; x_wconf 68' lang='lat' dir='ltr'>hectun</span> <span class='ocrx_word' id='word_1_358' title='bbox 1730 3915 1808 3975; x_wconf 92' lang='grc' dir='ltr'>ΡΟ-</span> 
     </span>
     <span class='ocr_line' id='line_1_74' title="bbox 1184 3997 1778 4074; baseline -0.01 -10"><span class='ocrx_word' id='word_1_359' title='bbox 1184 4003 1416 4074; x_wconf 68' lang='lat' dir='ltr'>putoque</span> <span class='ocrx_word' id='word_1_360' title='bbox 1446 3997 1778 4063; x_wconf 50' lang='grc' dir='ltr'>ΟΗΒΙΒΤΙΑΝΟΕ.</span> 
     </span>
    </p>
   </div>
   <div class='ocr_carea' id='block_1_15' title="bbox 1154 4123 1812 4387">
    <p class='ocr_par' dir='ltr' id='par_1_18' title="bbox 1154 4123 1812 4387">
     <span class='ocr_line' id='line_1_75' title="bbox 1229 4123 1812 4194; baseline 0.003 -2"><span class='ocrx_word' id='word_1_361' title='bbox 1229 4123 1299 4194; x_wconf 72' lang='lat' dir='ltr'>EUs&#39;</span> <span class='ocrx_word' id='word_1_362' title='bbox 1320 4130 1355 4193; x_wconf 91' lang='lat' dir='ltr'>in</span> <span class='ocrx_word' id='word_1_363' title='bbox 1377 4129 1471 4193; x_wconf 92' lang='lat' dir='ltr'>cuius</span> <span class='ocrx_word' id='word_1_364' title='bbox 1492 4148 1594 4192; x_wconf 90' lang='lat' dir='ltr'>manu</span> <span class='ocrx_word' id='word_1_365' title='bbox 1616 4130 1718 4193; x_wconf 92' lang='lat' dir='ltr'>corda</span> <span class='ocrx_word' id='word_1_366' title='bbox 1732 4140 1812 4194; x_wconf 90' lang='lat' dir='ltr'>sunt</span> 
     </span>
     <span class='ocr_line' id='line_1_76' title="bbox 1251 4215 1811 4299; baseline 0.002 -20"><span class='ocrx_word' id='word_1_367' title='bbox 1251 4237 1366 4299; x_wconf 91' lang='lat' dir='ltr'>regum</span> <span class='ocrx_word' id='word_1_368' title='bbox 1383 4217 1440 4299; x_wconf 94' lang='lat' dir='ltr'>qui</span> <span class='ocrx_word' id='word_1_369' title='bbox 1457 4265 1465 4282; x_wconf 90' lang='lat'><strong>.</strong></span> <span class='ocrx_word' id='word_1_370' title='bbox 1481 4237 1516 4279; x_wconf 90' lang='lat' dir='ltr'>es</span> <span class='ocrx_word' id='word_1_371' title='bbox 1535 4215 1713 4279; x_wconf 90' lang='lat' dir='ltr'>humilium</span> <span class='ocrx_word' id='word_1_372' title='bbox 1732 4236 1811 4280; x_wconf 93' lang='lat' dir='ltr'>con-</span> 
     </span>
     <span class='ocr_line' id='line_1_77' title="bbox 1154 4302 1811 4387; baseline 0.002 -20"><span class='ocrx_word' id='word_1_373' title='bbox 1154 4303 1281 4367; x_wconf 90' lang='lat' dir='ltr'>solator</span> <span class='ocrx_word' id='word_1_374' title='bbox 1296 4312 1330 4367; x_wconf 89' lang='lat' dir='ltr'>et</span> <span class='ocrx_word' id='word_1_375' title='bbox 1347 4302 1495 4367; x_wconf 89' lang='lat' dir='ltr'>fidelium</span> <span class='ocrx_word' id='word_1_376' title='bbox 1512 4302 1673 4367; x_wconf 88' lang='lat' dir='ltr'>fortitudo</span> <span class='ocrx_word' id='word_1_377' title='bbox 1685 4313 1719 4368; x_wconf 91' lang='lat' dir='ltr'>et</span> <span class='ocrx_word' id='word_1_378' title='bbox 1735 4325 1811 4387; x_wconf 92' lang='lat' dir='ltr'>pro-</span> 
     </span>
    </p>
   </div>
   <div class='ocr_carea' id='block_1_16' title="bbox 1264 4439 1700 4507">
    <p class='ocr_par' dir='ltr' id='par_1_19' title="bbox 1264 4439 1700 4507">
     <span class='ocr_line' id='line_1_78' title="bbox 1264 4439 1700 4507; baseline 0.005 -16"><span class='ocrx_word' id='word_1_379' title='bbox 1264 4445 1275 4500; x_wconf 89' lang='grc' dir='ltr'>ΙΙ</span> <span class='ocrx_word' id='word_1_380' title='bbox 1287 4441 1332 4493; x_wconf 81' lang='lat' dir='ltr'>sol.</span> <span class='ocrx_word' id='word_1_381' title='bbox 1349 4456 1403 4507; x_wconf 77' lang='lat'>173·</span> <span class='ocrx_word' id='word_1_382' title='bbox 1545 4439 1606 4506; x_wconf 81' lang='lat' dir='ltr'>liol.</span> <span class='ocrx_word' id='word_1_383' title='bbox 1622 4454 1700 4506; x_wconf 78' lang='lat' dir='ltr'><em>173v.</em></span> 
     </span>
    </p>
   </div>
   <div class='ocr_carea' id='block_1_17' title="bbox 499 4581 1163 4778">
    <p class='ocr_par' dir='ltr' id='par_1_20' title="bbox 499 4581 1163 4778">
     <span class='ocr_line' id='line_1_79' title="bbox 500 4581 1163 4648; baseline 0.002 -14"><span class='ocrx_word' id='word_1_384' title='bbox 500 4581 509 4614; x_wconf 91' lang='lat'><strong>¹</strong></span> <span class='ocrx_word' id='word_1_385' title='bbox 528 4583 569 4634; x_wconf 90' lang='lat' dir='ltr'>On</span> <span class='ocrx_word' id='word_1_386' title='bbox 581 4598 680 4633; x_wconf 81' lang='lat' dir='ltr'>erasure</span> <span class='ocrx_word' id='word_1_387' title='bbox 691 4582 717 4631; x_wconf 92' lang='lat' dir='ltr'>in</span> <span class='ocrx_word' id='word_1_388' title='bbox 728 4582 771 4633; x_wconf 85' lang='lat' dir='ltr'>the</span> <span class='ocrx_word' id='word_1_389' title='bbox 784 4584 851 4641; x_wconf 85' lang='lat' dir='ltr'><strong>MS..</strong></span> <span class='ocrx_word' id='word_1_390' title='bbox 863 4583 913 4633; x_wconf 87' lang='lat' dir='ltr'>and</span> <span class='ocrx_word' id='word_1_391' title='bbox 926 4584 961 4648; x_wconf 88' lang='lat' dir='ltr'>by</span> <span class='ocrx_word' id='word_1_392' title='bbox 970 4584 1076 4634; x_wconf 84' lang='lat' dir='ltr'>another</span> <span class='ocrx_word' id='word_1_393' title='bbox 1086 4585 1163 4635; x_wconf 87' lang='lat' dir='ltr'>hand.</span> 
     </span>
     <span class='ocr_line' id='line_1_80' title="bbox 499 4647 1163 4778; baseline 0.002 -79"><span class='ocrx_word' id='word_1_394' title='bbox 499 4647 510 4679; x_wconf 82' lang='lat'><strong>¹</strong></span> <span class='ocrx_word' id='word_1_395' title='bbox 527 4650 569 4699; x_wconf 91' lang='lat' dir='ltr'>On</span> <span class='ocrx_word' id='word_1_396' title='bbox 581 4664 679 4699; x_wconf 85' lang='lat' dir='ltr'>erasure</span> <span class='ocrx_word' id='word_1_397' title='bbox 690 4647 715 4697; x_wconf 90' lang='lat' dir='ltr'>in</span> <span class='ocrx_word' id='word_1_398' title='bbox 727 4648 770 4697; x_wconf 87' lang='lat' dir='ltr'>the</span> <span class='ocrx_word' id='word_1_399' title='bbox 783 4649 849 4709; x_wconf 83' lang='lat' dir='ltr'>MS„</span> <span class='ocrx_word' id='word_1_400' title='bbox 863 4650 913 4699; x_wconf 90' lang='lat' dir='ltr'>and</span> <span class='ocrx_word' id='word_1_401' title='bbox 925 4650 959 4778; x_wconf 59' lang='lat' dir='ltr'>hp</span> <span class='ocrx_word' id='word_1_402' title='bbox 970 4650 1077 4699; x_wconf 89' lang='lat' dir='ltr'>another</span> <span class='ocrx_word' id='word_1_403' title='bbox 1087 4650 1163 4701; x_wconf 86' lang='lat' dir='ltr'>hand.</span> 
     </span>
    </p>
   </div>
   <div class='ocr_carea' id='block_1_18' title="bbox 499 4712 923 4778">
    <p class='ocr_par' dir='ltr' id='par_1_21' title="bbox 499 4712 923 4778">
     <span class='ocr_line' id='line_1_81' title="bbox 499 4712 923 4778; baseline 0.002 -14"><span class='ocrx_word' id='word_1_404' title='bbox 499 4712 510 4745; x_wconf 79' lang='lat'>⁸</span> <span class='ocrx_word' id='word_1_405' title='bbox 527 4714 568 4764; x_wconf 90' lang='lat' dir='ltr'>On</span> <span class='ocrx_word' id='word_1_406' title='bbox 580 4729 679 4764; x_wconf 86' lang='lat' dir='ltr'>erasure</span> <span class='ocrx_word' id='word_1_407' title='bbox 691 4713 716 4761; x_wconf 89' lang='lat' dir='ltr'>in</span> <span class='ocrx_word' id='word_1_408' title='bbox 728 4712 770 4763; x_wconf 90' lang='lat' dir='ltr'>the</span> <span class='ocrx_word' id='word_1_409' title='bbox 782 4714 923 4778; x_wconf 80' lang='lat' dir='ltr'>MS.-r73</span> 
     </span>
    </p>
   </div>
   <div class='ocr_carea' id='block_1_19' title="bbox 949 4713 1700 4780">
    <p class='ocr_par' dir='ltr' id='par_1_22' title="bbox 949 4713 1700 4780">
     <span class='ocr_line' id='line_1_82' title="bbox 949 4713 1700 4780; baseline -0.001 -15"><span class='ocrx_word' id='word_1_410' title='bbox 949 4732 960 4765; x_wconf 89' lang='lat'><em>1</em></span> <span class='ocrx_word' id='word_1_411' title='bbox 974 4716 1057 4765; x_wconf 88' lang='lat' dir='ltr'>-and</span> <span class='ocrx_word' id='word_1_412' title='bbox 1068 4715 1102 4779; x_wconf 81' lang='lat' dir='ltr'>by</span> <span class='ocrx_word' id='word_1_413' title='bbox 1113 4716 1156 4765; x_wconf 87' lang='lat' dir='ltr'>the</span> <span class='ocrx_word' id='word_1_414' title='bbox 1167 4732 1236 4765; x_wconf 84' lang='lat' dir='ltr'>same</span> <span class='ocrx_word' id='word_1_415' title='bbox 1247 4716 1316 4765; x_wconf 86' lang='lat' dir='ltr'>hand</span> <span class='ocrx_word' id='word_1_416' title='bbox 1326 4731 1354 4765; x_wconf 83' lang='lat' dir='ltr'>as</span> <span class='ocrx_word' id='word_1_417' title='bbox 1366 4721 1373 4744; x_wconf 79' lang='lat'><strong>⁴</strong></span> <span class='ocrx_word' id='word_1_418' title='bbox 1383 4722 1466 4767; x_wconf 83' lang='lat' dir='ltr'>autern</span> <span class='ocrx_word' id='word_1_419' title='bbox 1477 4716 1484 4738; x_wconf 86' lang='lat'>‘</span> <span class='ocrx_word' id='word_1_420' title='bbox 1495 4730 1529 4765; x_wconf 91' lang='lat' dir='ltr'>on</span> <span class='ocrx_word' id='word_1_421' title='bbox 1544 4731 1589 4780; x_wconf 64' lang='grc' dir='ltr'>ηπ</span> <span class='ocrx_word' id='word_1_422' title='bbox 1598 4731 1621 4765; x_wconf 84' lang='lat' dir='ltr'>n.</span> <span class='ocrx_word' id='word_1_423' title='bbox 1637 4713 1700 4779; x_wconf 81' lang='lat' dir='ltr'>(ro).</span> 
     </span>
    </p>
   </div>
   <div class='ocr_carea' id='block_1_20' title="bbox 499 4715 1812 4912">
    <p class='ocr_par' dir='ltr' id='par_1_23' title="bbox 499 4715 1812 4912">
     <span class='ocr_line' id='line_1_83' title="bbox 499 4715 1194 4868; baseline 0 -39"><span class='ocrx_word' id='word_1_424' title='bbox 499 4779 510 4811; x_wconf 83' lang='lat'><strong>⁴</strong></span> <span class='ocrx_word' id='word_1_425' title='bbox 527 4779 563 4829; x_wconf 91' lang='lat' dir='ltr'>So</span> <span class='ocrx_word' id='word_1_426' title='bbox 570 4786 617 4854; x_wconf 71' lang='lat' dir='ltr'>too</span> <span class='ocrx_word' id='word_1_427' title='bbox 628 4778 671 4827; x_wconf 87' lang='lat' dir='ltr'>the</span> <span class='ocrx_word' id='word_1_428' title='bbox 682 4777 729 4827; x_wconf 87' lang='lat' dir='ltr'>last</span> <span class='ocrx_word' id='word_1_429' title='bbox 741 4786 791 4828; x_wconf 86' lang='lat' dir='ltr'>two</span> <span class='ocrx_word' id='word_1_430' title='bbox 803 4779 888 4828; x_wconf 84' lang='lat' dir='ltr'>letters</span> <span class='ocrx_word' id='word_1_431' title='bbox 898 4779 928 4829; x_wconf 83' lang='lat' dir='ltr'>os</span> <span class='ocrx_word' id='word_1_432' title='bbox 936 4785 943 4808; x_wconf 79' lang='lat'><strong>⁴</strong></span> <span class='ocrx_word' id='word_1_433' title='bbox 953 4715 1014 4829; x_wconf 82' lang='lat' dir='ltr'>&#39;rbud</span> <span class='ocrx_word' id='word_1_434' title='bbox 1025 4778 1032 4801; x_wconf 93' lang='lat'>&#39;</span> <span class='ocrx_word' id='word_1_435' title='bbox 1043 4796 1076 4830; x_wconf 92' lang='lat' dir='ltr'>on</span> <span class='ocrx_word' id='word_1_436' title='bbox 1091 4796 1135 4868; x_wconf 58' lang='grc' dir='ltr'>πῃ</span> <span class='ocrx_word' id='word_1_437' title='bbox 1149 4783 1194 4842; x_wconf 77' lang='lat' dir='ltr'>(a).</span> 
     </span>
     <span class='ocr_line' id='line_1_84' title="bbox 499 4842 1812 4912; baseline 0.003 -19"><span class='ocrx_word' id='word_1_438' title='bbox 499 4843 511 4875; x_wconf 53' lang='grc' dir='ltr'><strong>ὅ</strong></span> <span class='ocrx_word' id='word_1_439' title='bbox 527 4843 589 4893; x_wconf 73' lang='lat' dir='ltr'>This</span> <span class='ocrx_word' id='word_1_440' title='bbox 609 4843 683 4893; x_wconf 80' lang='lat' dir='ltr'>barch</span> <span class='ocrx_word' id='word_1_441' title='bbox 700 4842 729 4891; x_wconf 83' lang='lat' dir='ltr'>os</span> <span class='ocrx_word' id='word_1_442' title='bbox 743 4844 1099 4896; x_wconf 86' lang='lat' dir='ltr'>text-‘Ostende...eundem</span> <span class='ocrx_word' id='word_1_443' title='bbox 1114 4861 1179 4895; x_wconf 89' lang='lat' dir='ltr'>—on</span> <span class='ocrx_word' id='word_1_444' title='bbox 1201 4857 1246 4909; x_wconf 80' lang='lat'>173</span> <span class='ocrx_word' id='word_1_445' title='bbox 1265 4845 1365 4911; x_wconf 84' lang='lat'><strong>(8—18)</strong></span> <span class='ocrx_word' id='word_1_446' title='bbox 1381 4862 1432 4897; x_wconf 81' lang='lat' dir='ltr'>was</span> <span class='ocrx_word' id='word_1_447' title='bbox 1447 4847 1546 4912; x_wconf 86' lang='lat' dir='ltr'>penned</span> <span class='ocrx_word' id='word_1_448' title='bbox 1561 4847 1595 4912; x_wconf 80' lang='lat' dir='ltr'>by</span> <span class='ocrx_word' id='word_1_449' title='bbox 1609 4847 1715 4896; x_wconf 86' lang='lat' dir='ltr'>another</span> <span class='ocrx_word' id='word_1_450' title='bbox 1733 4847 1812 4904; x_wconf 83' lang='lat' dir='ltr'>band,</span> 
     </span>
    </p>
   </div>
   <div class='ocr_carea' id='block_1_21' title="bbox 451 4908 920 4974">
    <p class='ocr_par' dir='ltr' id='par_1_24' title="bbox 451 4908 920 4974">
     <span class='ocr_line' id='line_1_85' title="bbox 451 4908 920 4974; baseline 0.002 -17"><span class='ocrx_word' id='word_1_451' title='bbox 451 4909 501 4958; x_wconf 88' lang='lat' dir='ltr'>and</span> <span class='ocrx_word' id='word_1_452' title='bbox 513 4910 539 4957; x_wconf 88' lang='lat' dir='ltr'>in</span> <span class='ocrx_word' id='word_1_453' title='bbox 550 4908 801 4972; x_wconf 76' lang='lat' dir='ltr'>thirteenthcentury</span> <span class='ocrx_word' id='word_1_454' title='bbox 813 4909 920 4974; x_wconf 83' lang='lat' dir='ltr'>writing.</span> 
     </span>
    </p>
   </div>
   <div class='ocr_carea' id='block_1_22' title="bbox 500 4973 1811 5101">
    <p class='ocr_par' dir='ltr' id='par_1_25' title="bbox 500 4973 1811 5101">
     <span class='ocr_line' id='line_1_86' title="bbox 500 4973 1811 5101; baseline 0.003 -78"><span class='ocrx_word' id='word_1_455' title='bbox 500 4974 556 5023; x_wconf 84' lang='lat' dir='ltr'>The</span> <span class='ocrx_word' id='word_1_456' title='bbox 578 4973 654 5022; x_wconf 82' lang='lat' dir='ltr'>lower</span> <span class='ocrx_word' id='word_1_457' title='bbox 675 4989 771 5101; x_wconf 52' lang='grc' dir='ltr'>Ἔτι</span> <span class='ocrx_word' id='word_1_458' title='bbox 788 4973 816 5022; x_wconf 85' lang='lat' dir='ltr'>ol</span> <span class='ocrx_word' id='word_1_459' title='bbox 834 4974 883 5023; x_wconf 85' lang='lat' dir='ltr'>this</span> <span class='ocrx_word' id='word_1_460' title='bbox 904 4991 967 5040; x_wconf 82' lang='lat' dir='ltr'>page</span> <span class='ocrx_word' id='word_1_461' title='bbox 987 4976 1111 5037; x_wconf 81' lang='lat' dir='ltr'>contains,</span> <span class='ocrx_word' id='word_1_462' title='bbox 1130 4976 1157 5053; x_wconf 78' lang='lat' dir='ltr'>in</span> <span class='ocrx_word' id='word_1_463' title='bbox 1178 4978 1208 5053; x_wconf 62' lang='lat' dir='ltr'>p}</span> <span class='ocrx_word' id='word_1_464' title='bbox 1225 4976 1312 5026; x_wconf 73' lang='lat' dir='ltr'>erased</span> <span class='ocrx_word' id='word_1_465' title='bbox 1332 4977 1403 5037; x_wconf 87' lang='lat' dir='ltr'>lines,</span> <span class='ocrx_word' id='word_1_466' title='bbox 1423 4985 1504 5028; x_wconf 85' lang='lat' dir='ltr'>traces</span> <span class='ocrx_word' id='word_1_467' title='bbox 1520 4976 1550 5026; x_wconf 81' lang='lat' dir='ltr'>of</span> <span class='ocrx_word' id='word_1_468' title='bbox 1563 4976 1606 5027; x_wconf 87' lang='lat' dir='ltr'>the</span> <span class='ocrx_word' id='word_1_469' title='bbox 1623 4977 1718 5042; x_wconf 86' lang='lat' dir='ltr'>Gospel</span> <span class='ocrx_word' id='word_1_470' title='bbox 1735 4978 1811 5041; x_wconf 83' lang='lat' dir='ltr'>given</span> 
     </span>
    </p>
   </div>
   <div class='ocr_carea' id='block_1_23' title="bbox 451 5036 661 5099">
    <p class='ocr_par' dir='ltr' id='par_1_26' title="bbox 451 5036 661 5099">
     <span class='ocr_line' id='line_1_87' title="bbox 451 5036 661 5099; baseline -0.019 -11"><span class='ocrx_word' id='word_1_471' title='bbox 451 5054 485 5088; x_wconf 91' lang='lat' dir='ltr'>on</span> <span class='ocrx_word' id='word_1_472' title='bbox 502 5037 545 5087; x_wconf 89' lang='lat' dir='ltr'>sol.</span> <span class='ocrx_word' id='word_1_473' title='bbox 566 5036 661 5099; x_wconf 79' lang='lat' dir='ltr'><em>163*v.</em></span> 
     </span>
    </p>
   </div>
   <div class='ocr_carea' id='block_1_24' title="bbox 753 5040 1307 5103">
    <p class='ocr_par' dir='ltr' id='par_1_27' title="bbox 753 5040 1307 5103">
     <span class='ocr_line' id='line_1_88' title="bbox 753 5040 1307 5103; baseline 0.007 -17"><span class='ocrx_word' id='word_1_474' title='bbox 753 5053 769 5086; x_wconf 94' lang='lat'><strong>0</strong></span> <span class='ocrx_word' id='word_1_475' title='bbox 785 5054 839 5087; x_wconf 86' lang='lat' dir='ltr'>sum</span> <span class='ocrx_word' id='word_1_476' title='bbox 857 5041 929 5103; x_wconf 86' lang='lat' dir='ltr'>panis</span> <span class='ocrx_word' id='word_1_477' title='bbox 946 5040 1077 5092; x_wconf 86' lang='lat' dir='ltr'>uiuus...in</span> <span class='ocrx_word' id='word_1_478' title='bbox 1094 5057 1231 5092; x_wconf 84' lang='lat' dir='ltr'>nourssrrno</span> <span class='ocrx_word' id='word_1_479' title='bbox 1247 5041 1307 5090; x_wconf 89' lang='lat' dir='ltr'>die.&#39;</span> 
     </span>
    </p>
   </div>
   <div class='ocr_carea' id='block_1_25' title="bbox 499 5101 1507 5171">
    <p class='ocr_par' dir='ltr' id='par_1_28' title="bbox 499 5101 1507 5171">
     <span class='ocr_line' id='line_1_89' title="bbox 499 5101 1507 5171; baseline 0.007 -21"><span class='ocrx_word' id='word_1_480' title='bbox 499 5101 511 5134; x_wconf 80' lang='lat'>⁶</span> <span class='ocrx_word' id='word_1_481' title='bbox 529 5103 560 5150; x_wconf 91' lang='lat' dir='ltr'>ln</span> <span class='ocrx_word' id='word_1_482' title='bbox 576 5111 647 5152; x_wconf 86' lang='lat' dir='ltr'>outer</span> <span class='ocrx_word' id='word_1_483' title='bbox 663 5103 759 5166; x_wconf 82' lang='lat' dir='ltr'>margin</span> <span class='ocrx_word' id='word_1_484' title='bbox 776 5102 805 5152; x_wconf 89' lang='lat' dir='ltr'>os</span> <span class='ocrx_word' id='word_1_485' title='bbox 818 5104 880 5162; x_wconf 83' lang='lat' dir='ltr'>title,</span> <span class='ocrx_word' id='word_1_486' title='bbox 898 5107 998 5156; x_wconf 84' lang='lat' dir='ltr'>manual</span> <span class='ocrx_word' id='word_1_487' title='bbox 1014 5122 1092 5164; x_wconf 88' lang='lat' dir='ltr'>cross‚</span> <span class='ocrx_word' id='word_1_488' title='bbox 1108 5107 1158 5157; x_wconf 84' lang='lat' dir='ltr'>and</span> <span class='ocrx_word' id='word_1_489' title='bbox 1176 5116 1235 5157; x_wconf 87' lang='lat' dir='ltr'>note</span> <span class='ocrx_word' id='word_1_490' title='bbox 1252 5122 1280 5156; x_wconf 91' lang='lat' dir='ltr'>as</span> <span class='ocrx_word' id='word_1_491' title='bbox 1296 5123 1329 5156; x_wconf 92' lang='lat' dir='ltr'>on</span> <span class='ocrx_word' id='word_1_492' title='bbox 1350 5123 1427 5170; x_wconf 83' lang='lat' dir='ltr'>14ov.</span> <span class='ocrx_word' id='word_1_493' title='bbox 1446 5104 1507 5171; x_wconf 80' lang='lat'>(13).</span> 
     </span>
    </p>
   </div>
   <div class='ocr_carea' id='block_1_26' title="bbox 0 0 2065 6275">
    <p class='ocr_par' dir='ltr' id='par_1_29' title="bbox 0 0 2065 6275">
     <span class='ocr_line' id='line_1_90' title="bbox 0 0 2065 6275; baseline 0 0"><span class='ocrx_word' id='word_1_494' title='bbox 0 0 2065 6275; x_wconf 95' lang='lat' dir='ltr'> </span> 
     </span>
    </p>
   </div>
  </div>
 </body>
</html>
