4109 6275
462 778 507 845 70
681 777 871 829 DOMINICA
895 777 1079 829 UI'GESIMA
1102 777 1251 843 QUINTA
1275 777 1364 829 POST
1387 776 1598 829 ocmENT.

463 976 619 1039 maguam
630 956 992 1021 miseruerdzumtuam.
1028 954 1117 1018 Vcrs.
1172 954 1267 1018 Grad
1324 959 1493 1024 Liberasti
1531 981 1588 1023 nos
1626 958 1757 1023 domiue
1786 980 1827 1023 ex

466 1041 604 1107 Gressus
627 1066 710 1108 meos
732 1044 840 1127 dirige
864 1043 991 1109 domiue
1011 1065 1120 1109 secuu-
1168 1045 1826 1130 affligentibusuoseteosquinosodmeut

463 1129 543 1194 dum
566 1130 725 1214 eloquium
750 1143 843 1195 turem
868 1142 991 1196 utnon
1016 1132 1119 1196 domi·
1167 1135 1351 1216 confudisti.
1397 1136 1437 1199 In
1460 1134 1516 1199 deo
1541 1134 1736 1198 laudabitur
1757 1144 1825 1198 tota

463 1227 559 1282 netur
571 1218 671 1282 michi
682 1221 788 1283 omnis
804 1221 838 1282 iu
855 1219 990 1283 iusticia.
1029 1219 1119 1283 Alle-
1167 1221 1221 1285 die
1247 1232 1279 1286 et
1309 1223 1342 1286 iu
1373 1223 1500 1287 nominc
1532 1221 1755 1306 confitebimur
1787 1221 1824 1285 in

463 1306 541 1370 luia.
595 1305 672 1367 Vers
729 1305 798 1385 Qui
836 1318 936 1371 sanat
968 1307 1121 1371 contritus
1166 1310 1279 1375 seculae
1315 1309 1456 1375 alleluiu.
1497 1309 1550 1373 De
1561 1309 1741 1393 profundis
1759 1308 1823 1372 cla·

462 1392 554 1456 corde
576 1402 608 1457 et
629 1394 750 1477 alliget
771 1394 977 1458 coutriczbues
1001 1414 1119 1458 eorum.
1169 1398 1263 1460 moui
1283 1397 1332 1461 ad
1350 1408 1380 1462 te
1400 1397 1528 1462 domiue
1551 1396 1681 1461 derium
1704 1396 1826 1460 exaudi

459 1478 553 1556 offert
613 1479 754 1544 Domine
787 1481 865 1545 deus
899 1503 988 1545 meus
1021 1482 1057 1544 iu
1091 1492 1120 1545 te
1167 1504 1271 1548 iucem
1324 1507 1435 1550 meam.
1497 1505 1600 1546 eccon
1658 1484 1824 1548 Abeuntes

461 1568 594 1651 speraui
612 1568 742 1632 saluum
765 1590 816 1632 uu
828 1570 891 1650 fac
910 1589 951 1633 ex
971 1569 1120 1633 omuibus
1160 1571 1315 1653 pharisei.
1362 1573 1455 1651 offert
1499 1572 1552 1635 De
1561 1571 1742 1653 profieudis
1757 1573 1821 1635 ela·

456 1655 716 1738 persequentibus
731 1677 781 1719 me
798 1666 829 1719 et
844 1657 930 1739 eripe
948 1678 1005 1721 me.
1040 1679 1114 1718 enirn.
1168 1660 1262 1723 uraui
1280 1660 1328 1724 ud
1347 1671 1378 1724 te
1398 1661 1526 1725 demine
1550 1660 1679 1723 demine
1702 1659 1824 1723 masidi

465 1739 600 1806 Custodi
613 1764 663 1805 me
676 1742 804 1807 domine
818 1744 1024 1828 utpupillam
1037 1743 1122 1807 uuili
1167 1766 1270 1811 uocem
1307 1769 1420 1812 mam.
1478 1768 1552 1808 eoru
1616 1748 1724 1811 Amen
1752 1746 1820 1810 dico

461 1829 520 1892 sub
547 1830 663 1893 umbra
685 1831 818 1894 alarum
841 1841 974 1894 terarum
989 1840 1120 1915 protege
1166 1833 1256 1898 uobis
1269 1835 1425 1918 quiequid
1435 1834 1686 1916 orontespetitis
1704 1833 1820 1898 credite

462 1937 518 1980 me.
1166 1921 1245 2002 quia
1259 1922 1659 2004 accsputuctsecituubin

631 2024 941 2094 ΙΡοεΤοοΜΜυΝΙο.

505 2111 754 2175 inmortalitatis
798 2111 992 2176 alimoniam
1039 2131 1117 2175 con-

524 2199 630 2262 secuti
667 2219 871 2281 quaesumus
904 2200 1116 2263 domine.ut
1168 2161 1227 2293 C

462 2287 551 2368 quod
579 2306 636 2349 ore
663 2288 894 2369 percepimus.
911 2297 1022 2351 mente
1047 2307 1116 2350 sec-

461 2383 571 2436 temur
586 2397 594 2437 ε
611 2393 678 2457 per.

1334 2068 1654 2125 nPOSTOOMMUNiO.

1228 2165 1357 2228 oncede
1398 2164 1495 2227 nobis
1536 2163 1673 2227 domine
1718 2183 1815 2247 quae·

1250 2272 1365 2315 sumus
1381 2275 1389 2316 :
1404 2261 1441 2316 ut
1461 2259 1708 2316 sacramentum
1728 2251 1814 2334 quod

1166 2339 1369 2422 sumpsimus
1392 2389 1400 2405 .
1422 2339 1580 2423 quicquid
1627 2339 1660 2401 in
1706 2346 1816 2402 nostra

1167 2436 1279 2491 mente
1305 2427 1462 2491 uitiosum
1490 2435 1541 2491 est
1560 2427 1688 2508 :ipsius
1715 2425 1824 2488 medi-v

597 2571 847 2633 ΟΟΜΙΝΙΟΑ
892 2572 966 2631 W
1165 2514 1306 2578 cationis
1332 2515 1423 2579 dono
1448 2523 1606 2579 curetur:
1626 2534 1686 2597 per
1711 2513 1815 2576 domi·

866 2619 873 2633 ·
968 2619 975 2633 ·
1166 2621 1244 2665 num
1269 2610 1428 2665 nostrum.

572 2698 651 2754 Dicit
668 2698 801 2754 dominus
819 2715 874 2768 ego
892 2698 1008 2768 cogito².

530 2819 645 2871 xum
690 2819 842 2869 nonme
884 2820 1115 2883 QUAESUMUS
1169 2830 1419 2892 Domtutot
1462 2831 1592 2892 ΑΝΤΕ
1636 2833 1816 2895 ΛουεΝ.

552 2905 713 2959 suouuu
764 2906 948 2959 mnemon
999 2894 1116 2959 uolun·
1321 2914 1427 2975 τυΜ
1464 2915 1666 2978 Domitii.

461 2988 577 3044 tates.
602 2989 639 3044 ut
675 2980 780 3044 diuini
818 2982 927 3064 operis
969 2981 1113 3046 fructum
1347 3036 1368 3094 λ
1515 3047 1521 3059 ,
1605 3047 1612 3060 ,

461 3069 657 3153 propensius
704 3077 911 3151 exequentes
941 3118 948 3133 .
979 3069 1114 3153 pietatis
1372 3082 1378 3094 '
1415 3048 1571 3103 Benedoeta
1588 3057 1633 3103 ⁵¹2

461 3167 538 3221 tuae
568 3157 716 3221 remedia
746 3157 872 3221 maiora
903 3157 1115 3242 percipiant:
1234 3176 1345 3227 XCITA
1392 3176 1542 3228 DOMINE
1596 3175 1813 3227 ΡΟΤΕΝΤΙΑΜ

461 3264 527 3326 per.
1253 3263 1361 3314 TUAM
1384 3264 1431 3313 ΕΤ
1453 3263 1547 3315 UENI
1565 3272 1572 3314 :
1587 3259 1621 3314 et
1636 3251 1726 3333 quod
1742 3271 1814 3323 aec-

703 3349 866 3401 secum.
1162 3336 1283 3401 clesiae
1313 3348 1391 3402 tuae
1426 3337 1629 3420 promisisti.
1646 3358 1751 3420 usque
1781 3339 1813 3400 in

465 3432 660 3558 Propitius
700 3446 774 3499 esto
810 3437 946 3502 domine
986 3437 1113 3520 suppli.
1163 3424 1263 3488 finem
1294 3425 1416 3525 saeculi
1447 3425 1628 3489 clementer
1653 3446 1815 3508 operare:
1899 3444 1927 3457 ²

542 3523 729 3587 sationibus
759 3525 880 3587 nostris
903 3574 910 3590 .
933 3534 967 3589 et
998 3526 1112 3608 populi
1161 3513 1218 3596 qui
1243 3512 1336 3580 ⁰1⁰¹&
1771 3545 1774 3549 ¹

459 3612 508 3675 tui
538 3609 763 3675 oblationibus
792 3612 1013 3695 precibusque
1042 3633 1113 3676 sus·
1406 3630 1570 3679 scotum,

460 3707 565 3782 “epus
580 3717 730 3761 ΟΜΝΗ]
748 3708 939 3802 ¹¹⁰⁵t¹⁰s¹¹m‚
951 3700 1111 3802 ⁰⁰¹d³flfff
1212 3722 1392 3788 aurificium
1411 3724 1472 3788 tibi
1493 3723 1629 3788 domine
1646 3722 1814 3787 celebrau-

459 3796 494 3850 te
516 3794 696 3850 conuerte.
714 3794 751 3848 ut
774 3807 794 3849 a
820 3797 957 3850 terrenis
983 3788 1112 3870 cupidi·
1163 3722 1209 3852 S
1234 3814 1315 3875 dum
1332 3810 1483 3894 placatus
1500 3810 1657 3875 intende·
1674 3811 1763 3894 quod
1781 3819 1815 3873 et

460 3873 585 3937 tatibus
601 3872 764 3936 liberi.ad
780 3872 935 3938 caelestia
946 3874 1112 3938 desideria
1162 3920 1222 3967 nos
1260 3919 1280 3961 a
1317 3899 1406 3962 uitiis
1444 3909 1578 3962 nostrae
1614 3898 1814 3962 conditionis

459 3966 785 4043 transeamus.per⁸.
1162 3986 1351 4050 emundet.
1375 3995 1409 4050 et
1441 3997 1501 4049 tuo
1535 3986 1661 4049 nomini
1696 3986 1813 4048 reddat

1160 4082 1316 4157 acceptos
1335 4097 1341 4136 :
1357 4093 1423 4155 per.

455 4141 593 4270 Dicit
616 4141 768 4205 domium
792 4164 847 4226 ego
867 4143 970 4227 cogito
994 4144 1112 4227 cogita·

556 4229 659 4293 ciones
677 4230 771 4311 pacis
794 4238 826 4292 et
848 4251 910 4293 nou
940 4229 1111 4314 affliccrbn·
1379 4217 1602 4269 ΡΗΑΕΡΗΑΤΙΟ·

458 4315 650 4380 inuocabitis
669 4337 719 4380 me
737 4326 769 4380 et
788 4338 843 4400 ego
863 4317 1035 4382 exaudiam
1056 4340 1113 4382 uos
1231 4325 1321 4383 ERE⁴
1350 4334 1419 4384 PER
1449 4332 1655 4384 CHRISTUM.
1711 4319 1814 4384 Cuius

458 4413 489 4467 et
507 4403 656 4467 rediuam
675 4404 895 4486 captiuitatem
914 4414 1059 4469 nostram
1074 4406 1114 4469 de
1252 4408 1397 4489 petimus
1417 4408 1516 4490 primi
1536 4408 1703 4472 aduentus
1725 4427 1813 4490 mys·

457 4491 579 4554 cuuctz's
608 4490 689 4554 locis.
731 4490 779 4551 Ps
829 4490 1032 4556 Benedc'uisti
1057 4493 1111 4556 do·
1162 4496 1281 4559 terium
1294 4495 1341 4558 ita
1353 4515 1414 4558 nos
1426 4494 1528 4558 facias
1537 4495 1649 4577 dignis
1659 4494 1813 4558 laudibus

458 4578 545 4642 minc
610 4576 740 4655 epistola
818 4576 1005 4644 imitatores
1040 4580 1112 4647 mei.
1161 4592 1195 4646 et
1210 4581 1326 4645 officiis
1341 4581 1814 4665 celebrare.praesentemque

666 4714 726 4776 lici.
740 4731 772 4779 70
779 4732 813 4776 u.,
828 4715 871 4766 lin.
888 4732 911 4765 a.
1426 4722 1436 4776 ΙΙ
1447 4717 1491 4769 iol.
1507 4731 1547 4783 71.

506 4853 517 4886 ¹
533 4856 590 4906 The
600 4856 698 4906 ordinal
709 4856 735 4906 in
747 4858 789 4908 the
802 4857 859 4909 MS.
872 4860 893 4909 is
905 4872 974 4910 dcv.
985 4869 1030 4909 not
1043 4873 1132 4911 ‚xxv.
1365 4915 1386 4921 -

505 4919 517 4952 ¹
532 4921 596 4971 This
606 4921 742 4972 indication
754 4924 776 4973 is
787 4933 830 4972 not
843 4925 966 4989 preceded
977 4925 1004 4976 in
1015 4926 1058 4977 the
1070 4927 1127 4977 MS.
1138 4928 1172 4991 by
1183 4943 1199 4976 a
1210 4927 1351 4977 rubricated
1362 4928 1395 4977 A.

506 4984 589 5036 'The
604 4988 690 5037 erased
706 4988 788 5037 rubric
804 5004 854 5038 was
869 5005 902 5039 on
921 4991 965 5040 lin.
984 5003 1021 5055 14.
1058 4993 1113 5042 The
1130 4991 1270 5043 remsinder
1285 4993 1315 5041 oi
1328 4993 1371 5042 tbe
1387 5000 1440 5042 text
1456 5008 1490 5043 on
1507 4993 1550 5042 the
1567 5009 1631 5058 page
1648 5009 1698 5043 was
1715 4994 1810 5043 erased.

456 5051 532 5101 Cross
542 5051 593 5101 and
604 5052 692 5112 initiat
706 5070 734 5103 as
744 5054 824 5103 usual.

504 5114 515 5145 ⁴
532 5117 636 5166 Manuul
646 5132 714 5167 eroes
724 5118 750 5167 in
762 5119 865 5185 margin.
