4109 6275
425 794 466 856 24
584 789 697 840 FERIA
719 787 867 854 QUINTA
891 788 981 838 POST
1005 787 1095 838 DOM.
1119 787 1269 838 PRIMAM
1292 788 1626 852 QUADRAGESIMAE.

629 963 695 1011 PRO
723 961 867 1010 POPULO.

426 1076 501 1204 Μ
514 1077 609 1132 entes
635 1076 765 1132 nostras
790 1088 994 1150 quaesumus
1019 1069 1080 1132 do·

545 1156 634 1220 mine
660 1156 787 1219 lumine
813 1163 891 1219 tuae
918 1154 1080 1220 claritatis

425 1242 555 1307 illustra
570 1295 577 1307 .
594 1252 631 1307 ut
659 1244 772 1307 uidere
799 1243 966 1326 possimus
991 1263 1079 1326 quae

423 1332 556 1414 agenda
585 1340 663 1395 sunt
680 1380 686 1396 .
701 1339 736 1394 et
766 1351 853 1414 quae
884 1341 974 1396 recta
1000 1339 1079 1394 sunt

423 1439 523 1502 agere
539 1418 734 1482 ualeamus.
751 1437 817 1500 per.

811 1612 847 1658 tn

641 1677 857 1739 fenino.

516 1775 546 1833 Ᾰ.
589 1775 738 1831 Confessio
750 1783 778 1828 et
792 1773 980 1845 pulchritudo.

679 1902 817 1952 ΟΗΑΤΙΟ.

427 2011 723 2139 DEUOTIONEM
755 2000 869 2084 populi
900 2001 949 2063 tui
976 2020 1078 2083 quae·

526 2109 640 2152 sumus
655 2089 792 2151 domine
808 2139 814 2152 .
832 2101 883 2153 UT
898 2101 1025 2151 SUPRn

663 2247 825 2294 ΒΕΟΗΕΤΑ.

421 2342 617 2481 Sacrificia
633 2341 769 2405 domine
784 2362 987 2424 quaesumus
1003 2361 1077 2424 pro-

496 2430 631 2513 pensius
646 2430 710 2493 ista
726 2449 786 2493 nos
802 2430 932 2494 saluent
948 2478 955 2493 .
971 2431 1078 2512 lquae

422 2517 677 2582 medicinalibus
719 2526 797 2581 sunt
841 2517 995 2580 instituta
1033 2517 1077 2579 ie-

422 2606 628 2688 iunii5.per.

599 2761 896 2810 ΡΟὸΤΟΟΜΜυΝΙΟ.

422 2867 608 2994 'suorum
648 2876 709 2918 nos
747 2856 884 2918 domine
923 2855 1078 2954 largitate

512 2946 676 3007 donorum
692 2991 700 3006 .
715 2951 750 3006 et
770 2941 1011 3025 temporalibus
1027 2952 1077 3005 at·

421 3031 502 3094 tolle
533 3031 706 3113 praesidiis
722 3079 729 3093 .
744 3040 778 3092 et
804 3049 929 3092 renoua
955 3030 1078 3111 sempi-

421 3120 523 3184 ternis
539 3169 545 3182 .
562 3140 627 3202 per.

591 3275 698 3324 SUPER
727 3274 902 3322 poputum.

494 3386 519 3433 Α
549 3391 751 3454 quaesumus
777 3371 913 3434 domine
943 3371 1077 3454 populis

517 3458 720 3521 christianis.
732 3467 765 3522 et
777 3478 864 3540 quae
876 3457 1076 3541 profitentur

421 3565 623 3628 agnoscere.
640 3555 674 3608 et
697 3544 840 3609 caeleste
861 3565 982 3609 munus
1003 3545 1076 3609 dili-

421 3653 499 3716 gere
514 3634 604 3715 quod
622 3632 857 3714 frequentant.
875 3652 940 3714 per.

634 3851 868 3913 fernum.

525 3982 555 4039 Ᾰ.
594 3982 639 4036 De
652 3980 867 4036 necessitatibus
880 3980 959 4034 meis

677 4122 816 4170 ΟΗΑΤΙΟ.

490 4235 559 4285 STO
580 4234 731 4284 DOMlNE
748 4233 853 4283 PLEBl
870 4234 972 4283 TUAE
989 4234 1076 4284 PRO·

520 4321 733 4372 murmur
763 4320 872 4384 Qunn
902 4305 962 4370 tibi
994 4306 1076 4370 facis

419 4415 492 4459 esse
513 4395 694 4457 deuotam.
712 4395 859 4476 benigno
880 4393 993 4456 reioue
1015 4395 1075 4457 mi·

419 4491 549 4547 seratus
563 4481 690 4545 auxilio
706 4532 712 4545 .
730 4502 797 4564 per.

665 4651 827 4699 secem.

419 4743 585 4883 Suscipe
611 4762 813 4826 quaesumus
840 4743 977 4807 domine
1003 4763 1075 4807 mu·

501 4851 581 4894 nera
611 4831 735 4895 nostris
763 4830 878 4893 oblata
908 4832 1075 4895 seruitiis,

419 4927 455 4983 et
483 4927 543 4982 tua
572 4918 736 5000 propitius
765 4917 856 4980 dona
885 4917 1076 4983 sanctifica.

421 5024 486 5088 per.

687 5124 753 5184 {iol
769 5140 807 5188 ²3·

1306 953 1603 1004 postcommunio

1135 1069 1226 1198 Per
1255 1067 1361 1169 huius·
1382 1068 1519 1169 domine
1554 1068 1784 1150 operationem

1212 1165 1362 1236 mysteru
1378 1205 1385 1219 .
1402 1165 1436 1219 et
1460 1166 1542 1219 urtra
1568 1164 1682 1218 nostra
1709 1175 1785 1238 pur·

1128 1251 1250 1323 gentur
1264 1291 1271 1304 .
1287 1251 1321 1306 et
1337 1243 1426 1307 iusta
1440 1243 1607 1307 desideria
1622 1242 1785 1325 implean-

1128 1337 1203 1392 tur.
1220 1349 1288 1412 per.

1299 1457 1407 1505 SUPER
1436 1455 1610 1502 Populum.

1199 1557 1304 1623 xaudi
1324 1578 1386 1622 nos
1409 1558 1596 1623 misericors
1619 1558 1702 1623 deus
1723 1606 1730 1622 .
1749 1565 1784 1622 et

1173 1661 1193 1686 ¹
1228 1646 1398 1709 mentibus
1418 1646 1541 1710 nostris
1560 1646 1690 1729 gratiae
1705 1654 1784 1709 tuae

1129 1732 1241 1796 lumen
1258 1734 1420 1797 ostende.
1437 1753 1498 1816 per
1511 1734 1696 1798 dominum.

1338 1922 1574 1982 8ΑΒΒΑΤΟ.

1282 2037 1310 2094 d·
1350 2052 1437 2103 intret
1450 2049 1541 2103 oratio
1554 2067 1625 2104 mea

1385 2159 1525 2207 ΟΒᾹΤΙΟ.

1188 2273 1346 2325 OPULUM
1394 2275 1505 2325 TUUM
1552 2274 1783 2338 QUAESUMUS

1211 2362 1362 2412 DOMINE
1387 2362 1583 2413 PROPITIUS
1609 2362 1782 2412 RESPICE.

1128 2443 1230 2517 atque
1245 2436 1289 2498 ab
1304 2457 1345 2498 eo
1357 2434 1490 2518 flagella
1501 2445 1579 2500 tuae
1592 2436 1783 2499 iracundiae

1129 2521 1320 2606 'clementer
1335 2532 1450 2587 auerte
1467 2547 1473 2587 :
1489 2544 1555 2607 per.

1385 2685 1522 2734 ORnTlO.

1136 2789 1274 2917 DEUS
1290 2790 1357 2854 QUI
1374 2790 1447 2841 Nos
1462 2777 1495 2839 in
1512 2777 1616 2840 tantis
1628 2777 1783 2859 periculis

1223 2866 1424 2928 constitutos
1455 2885 1515 2946 pro
1541 2863 1687 2928 humana
1718 2864 1783 2927 scis

1128 2948 1308 3032 fragilitate
1345 2972 1412 3015 non
1451 2972 1549 3034 posse
1586 2950 1783 3015 subsistere:

1127 3037 1172 3100 da
1199 3037 1296 3100 nobis
1325 3037 1467 3102 salutem
1496 3039 1619 3102 mentis
1648 3049 1683 3102 et
1712 3059 1782 3102 cor·

1128 3124 1243 3208 poris.
1263 3136 1299 3191 ut
1336 3147 1376 3189 ea
1414 3148 1501 3210 quae
1538 3147 1599 3209 pro
1637 3128 1783 3209 peccatis

1128 3213 1249 3276 nostris
1264 3217 1432 3296 patimur.
1448 3224 1482 3279 te
1498 3216 1541 3277 ad
1558 3216 1695 3279 iuuante
1709 3215 1783 3278 uin·

1127 3320 1243 3363 camus
1258 3350 1265 3364 .
1281 3322 1349 3384 per.

1387 3428 1525 3478 ORA‘l'lO.

1135 3535 1386 3661 PROTECTOR
1411 3533 1523 3585 noster
1545 3524 1657 3604 aspice
1678 3522 1782 3586 deus:

1210 3620 1246 3672 ut
1287 3609 1344 3691 qui
1388 3609 1550 3673 malorum
1592 3619 1781 3673 nostrorum

1126 3695 1274 3777 pondere
1290 3697 1493 3778 premimur.
1510 3704 1668 3780 percepta
1684 3698 1782 3760 mise·

1127 3784 1267 3846 ricordia
1302 3782 1405 3847 libera
1436 3784 1496 3847 tibi
1530 3793 1643 3848 mente
1674 3784 1782 3848 samu·

1126 3869 1254 3934 lemur.
1271 3890 1337 3953 per.

1384 3990 1524 4041 onnTlO.

1201 4084 1321 4135 DESTO
1332 4072 1469 4136 domine
1480 4071 1781 4156 supplicationibus

1139 4154 1158 4215 l
1222 4159 1362 4222 nostris:
1393 4168 1430 4223 ut
1459 4180 1532 4222 esse
1558 4170 1592 4223 te
1619 4160 1782 4242 largiente

1127 4266 1313 4309 mereamur
1343 4255 1376 4309 et
1407 4248 1493 4310 inter
1528 4267 1688 4330 prospera
1721 4247 1780 4310 hu-

1127 4333 1223 4397 miles
1239 4383 1246 4397 .
1262 4342 1295 4396 et
1312 4334 1397 4397 inter
1413 4335 1554 4397 aduersa
1569 4334 1675 4398 securi
1692 4386 1698 4398 .
1715 4356 1780 4416 per.

1381 4489 1520 4539 ΟΒΑΤΙΟ.

1200 4581 1362 4633 CTIONES
1403 4579 1533 4633 nostras
1577 4590 1781 4652 quaesumus

1221 4658 1358 4720 domine
1373 4666 1408 4721 et
1427 4656 1607 4740 aspirando
1623 4658 1780 4740 praeueni

1125 4754 1159 4806 et
1175 4743 1368 4808 adiuuando
1383 4764 1598 4828 prosequere.
1609 4757 1647 4808 ut
1659 4754 1780 4809 cuncta

1126 4840 1240 4893 nostra
1269 4832 1420 4914 operatio
1455 4841 1489 4896 et
1523 4852 1544 4896 a
1579 4841 1613 4895 te
1647 4852 1781 4915 semper

1126 4918 1285 5001 incipiat.
1301 4928 1336 4983 et
1361 4940 1423 5001 per
1447 4928 1482 4983 te
1504 4927 1603 5002 cepta
1626 4917 1780 4983 finiatur:

1126 5024 1193 5087 per.

1383 5126 1443 5188 liol
1458 5143 1519 5191 ην.
