4109 6275
810 801 1002 851 APPENDIX
1025 803 1056 851 B.

247 979 310 1029 uiuis
335 987 361 1029 et
387 994 475 1043 regnas
499 994 557 1028 cum
582 978 632 1029 deo
657 987 728 1043 patre
753 978 779 1028 in
807 978 903 1029 unitate

247 1062 348 1127 spiritus
364 1061 444 1111 sancti
461 1061 533 1111 deus.

297 1147 410 1193 decretu
437 1142 538 1192 Hostias
555 1142 601 1191 tibi
618 1142 721 1192 domine
735 1136 903 1193 beate¹auue

247 1224 343 1275 dicatas
364 1224 459 1275 meritis
480 1224 603 1290 benignus
620 1240 728 1285 assume,
747 1235 773 1275 et
795 1226 827 1275 ad
848 1242 902 1291 per-

248 1317 350 1371 petuum
364 1307 438 1357 nobis
453 1306 534 1356 tribue
549 1306 679 1371 peruenire
690 1307 828 1357 subsidium
840 1342 847 1355 .
859 1323 905 1372 per

248 1389 386 1438 domiuum.
420 1389 472 1452 Qui
483 1404 549 1437 cum.

296 1476 415 1522 Puteum
448 1472 562 1520 concede
588 1485 724 1536 quesumus
744 1470 904 1538 omnipotens

1550 787 1608 870 163

953 981 1015 1030 deus
1025 997 1088 1031 :nos
1099 988 1184 1031 sancte
1195 996 1260 1031 anne
1271 982 1380 1030 exultare
1392 980 1486 1031 meritis
1497 989 1522 1031 et
1533 981 1608 1031 bene·

953 1061 1067 1113 ficiorum
1087 1063 1140 1113 eius
1157 1063 1239 1113 attolli
1259 1063 1382 1128 suffragiis
1394 1098 1401 1110 .
1414 1080 1459 1129 per
1477 1064 1609 1114 dominum

953 1152 1075 1193 nostrum.

1002 1230 1150 1276 mundum
1182 1230 1325 1277 letheum.
1374 1230 1406 1275 IN
1434 1226 1490 1276 illis
1539 1225 1611 1276 Dixit

955 1307 1027 1357 iesus.
1042 1308 1068 1356 d.
1079 1324 1099 1358 s.
1125 1308 1209 1374 Siquis
1231 1309 1286 1358 uult
1307 1316 1364 1373 post
1386 1323 1428 1357 me
1450 1308 1534 1358 uenire
1547 1341 1554 1355 .
1566 1309 1609 1358 ab·

955 1397 1028 1453 neget
1060 1390 1244 1454 semetipsum..
1261 1390 1609 1440 commutationem-secun·

954 1472 1015 1521 dum
1033 1487 1111 1537 opera
1126 1487 1180 1522 sua.
1213 1473 1357 1522 Arnen...in
1374 1489 1450 1539 regno
1467 1473 1536 1523 suoi

769 2011 1020 2077 APPENDIX
1053 2015 1088 2077 B.

298 2202 353 2252 The
368 2201 498 2265 following
512 2218 554 2251 are
570 2218 585 2250 a
599 2201 702 2251 distinct
717 2218 798 2268 group
814 2202 878 2253 lrom
893 2203 936 2252 the
950 2203 998 2252 five
1013 2210 1041 2253 to
1052 2203 1135 2253 which
1150 2200 1243 2253 l'drew
1254 2203 1376 2254 attention
1388 2204 1414 2254 in
1428 2165 1563 2269 Appendix
1575 2204 1607 2254 Α.

248 2286 304 2336 The
320 2286 403 2350 ruliug
421 2284 452 2335 ol
471 2286 513 2334 the
532 2301 609 2350 pages
626 2285 647 2334 is
663 2301 728 2342 new,
745 2301 773 2335 as
792 2286 813 2336 is
833 2287 876 2336 the
895 2286 980 2352 script.
1018 2288 1030 2335 1
1053 2288 1118 2338 have
1137 2288 1298 2337 abbreviated
1318 2287 1377 2352 only
1394 2288 1477 2338 where
1496 2287 1539 2337 the
1558 2296 1611 2338 text

251 2386 302 2418 was
318 2370 344 2419 in
361 2377 432 2418 exact
449 2368 599 2434 consonuity
616 2369 677 2418 with
693 2368 747 2419 that
764 2368 794 2418 ol
807 2370 849 2419 the
867 2370 967 2419 Roman
985 2369 1081 2420 Missal.

298 2607 366 2672 (182)
394 2609 471 2659 nieht
497 2617 581 2660 autem
608 2609 682 2659 nimis
706 2610 823 2661 honorati
848 2619 905 2661 sunt

249 2692 324 2742 amici
347 2692 382 2742 tui
404 2693 467 2743 deus
488 2693 563 2742 nimis
584 2692 737 2744 confortatus
757 2702 794 2743 est
814 2694 904 2759 princi·

249 2784 322 2840 patus
332 2791 427 2826 eorum.
463 2779 495 2825 Pa
512 2776 623 2826 Domine
634 2776 745 2841 probasti
756 2773 821 2826 me⁸.

297 2858 524 2915 reeuoepueotea
533 2860 608 2906 beatt
618 2860 901 2917 paulluum

248 2942 387 2988 FRATRES:
399 2938 477 3001 [Ilum
487 2953 537 2988 non
546 2938 807 2989 estis...editicati...in
816 2940 904 3004 spiritu

247 3028 344 3070 sancto.
377 3023 454 3069 (trud.
472 3020 556 3071 Nimis
571 3020 686 3070 honorati
703 3029 760 3071 sunt
777 3022 851 3072 amici
869 3023 905 3072 tui

249 3103 311 3153 deus
327 3102 402 3153 nimis
417 3102 570 3154 confortatus
584 3111 623 3154 est
640 3102 793 3169 principatus
807 3119 901 3154 eorum.

247 3189 320 3235 verr.
344 3185 516 3236 Dinumerabo
529 3202 573 3236 eos
588 3193 613 3236 et
624 3201 699 3252 super
709 3201 810 3236 arenam
822 3186 904 3236 multi·

249 3268 415 3332 plicabuntur.
455 3270 531 3317 und.
559 3266 703 3318 Constitues
719 3283 762 3317 eos
778 3268 904 3333 principes

249 3367 324 3417 super
339 3367 441 3401 omnem
458 3361 549 3401 terram
567 3367 690 3401 memores
706 3359 778 3401 erunt
797 3351 905 3402 nominis

249 3434 285 3485 tui
300 3435 409 3484 domine.
445 3438 510 3484 Vere
528 3435 576 3484 Pro
591 3436 705 3500 patribus
718 3435 767 3486 tuis
781 3436 834 3485 uati
848 3444 905 3487 sunt

249 3516 295 3565 tibi
319 3515 362 3566 tilii
385 3524 518 3581 propterea
537 3517 624 3582 populi
645 3517 830 3568 confitebuntur
848 3518 902 3568 tibi.

249 3599 352 3662 (182v.)
380 3599 498 3647 Alleluia.
539 3598 593 3648 Vos
615 3598 658 3664 qui
680 3599 758 3649 secuti
781 3599 840 3649 estis
865 3616 906 3649 me

249 3680 367 3730 sedebitis
378 3696 452 3745 super
464 3680 536 3730 sedes
546 3680 681 3730 duodecim
693 3680 832 3730 iudicantes
843 3682 906 3731 duo·

250 3759 331 3809 decim
359 3759 439 3808 tribus
466 3758 547 3809 israel.
595 3759 713 3810 Alleluia.
745 3761 793 3810 Per
819 3776 907 3810 manus

956 2620 1040 2662 autem
1058 2614 1229 2679 apostolorum
1249 2613 1341 2664 fiebant
1361 2614 1433 2679 signa
1451 2621 1477 2663 et
1496 2613 1612 2679 prodigia

956 2695 1165 2762 multainplebe.

1004 2779 1151 2826 Secundum
1166 2780 1319 2827 Iohannem.
1352 2780 1381 2826 In
1396 2777 1459 2828 illis:
1480 2776 1551 2827 Dixit
1566 2778 1610 2828 do·

956 2860 1039 2909 minus
1060 2859 1126 2909 iesus
1146 2858 1276 2925 discipulis
1298 2859 1356 2909 suis.
1400 2860 1459 2909 Hoc
1480 2869 1518 2910 est
1540 2875 1610 2925 prae

955 2950 1055 3007 ceptum
1065 2939 1329 2992 meum...detuobis⁴.
1348 2940 1415 3006 (183)
1439 2942 1611 2992 Michiautem

955 3024 1030 3073 nimis
1047 3022 1207 3073 honorificati
1227 3030 1285 3072 sunt
1303 3022 1377 3073 amici
1397 3023 1432 3072 tui
1452 3024 1514 3073 deus
1536 3022 1611 3073 nimis

955 3105 1110 3156 confortatus
1120 3112 1157 3155 est
1168 3104 1322 3171 principatus
1333 3104 1443 3155 eorum⁸.
1467 3105 1496 3155 ln
1509 3121 1610 3156 omnem

956 3197 1047 3238 terram
1069 3189 1146 3238 exiuit
1168 3204 1244 3238 sonus
1263 3204 1350 3238 eorum
1369 3196 1395 3238 et
1414 3188 1440 3237 iu
1464 3188 1524 3238 finer
1543 3188 1611 3238 orbis

956 3280 1035 3320 terrae
1050 3271 1127 3321 uerba
1141 3285 1237 3320 eorum.
1270 3270 1324 3319 Vos
1340 3271 1384 3335 qui
1400 3270 1478 3320 secuti
1495 3269 1554 3320 estis
1570 3285 1612 3320 me

956 3352 1076 3402 sedebitis
1106 3367 1181 3416 super
1208 3351 1281 3402 sedes
1309 3352 1448 3402 iudicantes
1477 3352 1611 3402 duodecim

956 3434 1036 3484 tribus
1051 3433 1124 3483 israel
1140 3433 1201 3483 dicit
1216 3433 1342 3483 dominus.

1005 3517 1151 3564 Secundam
1178 3518 1327 3565 Iohannem.
1377 3519 1406 3564 In
1434 3515 1490 3565 illis.
1540 3515 1611 3565 Dixit

956 3597 1074 3647 dominus
1095 3597 1160 3647 iesus
1180 3596 1311 3663 discipulis
1332 3598 1390 3648 suia
1427 3598 1500 3647 Haec
1519 3598 1612 3647 mando

957 3677 1271 3743 uobisr...(183v.)...Sed
1292 3688 1320 3729 ut
1342 3679 1475 3744 impleatur
1496 3695 1610 3729 sermo...

957 3761 1044 3825 gratis.

364 4027 408 4086 nt
438 4026 592 4087 nauum
620 4027 746 4088 Uettus
774 4027 980 4089 mutatu
1009 4028 1079 4104 Qut
1107 4025 1308 4089 Poutlrux
1336 4026 1496 4087 euentu.

297 4198 443 4247 Sacerdotes
460 4197 501 4247 dei
519 4197 660 4247 benedicite
678 4198 808 4246 dominum
825 4196 905 4246 sancti

250 4288 276 4329 et
295 4279 402 4329 humiles
422 4279 497 4329 corde
516 4279 618 4329 laudate
636 4278 734 4329 deum‘.
771 4282 803 4328 ὴ
828 4279 906 4329 Bene·

250 4361 326 4411 dicite
343 4364 436 4411 omnia.

298 4448 386 4496 Lectio
406 4447 470 4494 llbrl
491 4447 646 4503 aptandae
683 4444 793 4493 Dilectus
813 4444 861 4494 deo
882 4453 907 4494 et

956 4198 1113 4248 hominibus:
1136 4197 1205 4247 cuius
1221 4196 1476 4260 memoria...regum:
1499 4201 1524 4244 et
1540 4192 1611 4243 unxit

956 4278 1027 4328 illurn
1038 4293 1123 4328 coram
1135 4277 1231 4343 populo
1242 4275 1531 4339 suo...(184)...Audiuit
1544 4275 1610 4325 enim

956 4376 1044 4409 uocem
1065 4359 1200 4424 ipsius...in
1221 4360 1295 4420 pube.
1333 4359 1365 4408 Et
1382 4357 1453 4407 dedit
1470 4356 1507 4406 illi
1525 4372 1568 4406 cor
1587 4364 1612 4406 et

957 4441 1262 4508 precepta...disciplinae·
1298 4443 1368 4490 (trud
1392 4439 1612 4490 Iurauitdomiuus

290 4614 297 4641 ¹
313 4614 376 4656 From
384 4614 427 4656 this
435 4613 495 4667 point
504 4623 527 4656 to
536 4613 572 4655 tbe
582 4614 624 4655 end
632 4614 658 4655 oi
663 4613 700 4655 the
709 4612 770 4655 uass
778 4613 815 4654 the
824 4612 909 4664 wridng
918 4611 943 4663 is,
953 4620 990 4654 not
998 4611 1140 4663 improbably,
1151 4610 1197 4651 that
1205 4609 1230 4651 oi
1236 4609 1272 4651 iol.
1284 4611 1319 4660 164
1329 4609 1371 4650 und
1380 4608 1415 4650 iol.
1428 4611 1464 4659 164
1470 4621 1491 4649 v.

290 4683 299 4709 ¹
312 4683 410 4725 Collated
420 4683 472 4723 with
481 4682 574 4734 Vulgare
583 4681 662 4723 textos
669 4681 733 4723 Mate
744 4681 787 4723 xvi.
799 4696 831 4733 24,
842 4681 881 4723 &c

290 4749 300 4778 ⁸
312 4750 366 4792 This
378 4750 439 4792 Mass
449 4750 508 4792 laclrs
519 4764 533 4791 a
544 4749 596 4791 title
625 4751 655 4791 At
668 4749 704 4790 the
715 4749 770 4791 head
782 4749 808 4791 os
816 4750 852 4790 the
864 4762 919 4800 page
931 4748 973 4789 and
982 4747 1005 4789 in
1013 4747 1104 4789 another
1112 4745 1255 4796 handwriting
1266 4744 1285 4786 is
1296 4743 1339 4786 this
1351 4743 1510 4786 memorandum
1519 4741 1610 4792 written,

251 4819 302 4860 with
320 4819 357 4861 the
374 4818 485 4870 exception
502 4818 527 4860 oi
542 4817 604 4868 ‘Ego
620 4817 707 4869 autem,'
725 4816 747 4858 in
765 4815 956 4858 vermilionz—‘ln
974 4815 1059 4865 vigilia
1077 4815 1152 4855 unius
1168 4812 1283 4865 apostoli.
1315 4811 1439 4854 Officium.
1466 4810 1515 4861 Ego
1530 4819 1610 4852 autem.

252 4886 330 4937 Quere
340 4886 366 4926 in
376 4885 424 4926 fine
433 4885 506 4926 llbrl!
531 4885 552 4926 Α
560 4884 664 4937 pencilled
674 4884 777 4936 marginal
786 4895 836 4926 note
844 4883 940 4936 opposite
950 4883 986 4923 the
996 4882 1093 4924 Psalmus
1101 4883 1140 4923 has
1150 4880 1237 4924 ‘Oratio
1246 4879 1395 4932 omnipotens'

291 4953 627 5006 *Atsootoipageundertbh
637 4953 764 5006 apemssled
773 4963 830 5005 note,
841 4953 946 4995 ‘Senem
974 4950 1077 5002 Suscipe'

289 5021 332 5063 ‘A
349 5023 453 5074 pencilled
469 5021 583 5064 ‘Alleluia'
597 5022 668 5064 before
683 5021 776 5064 ‘Michi’
793 5021 836 5063 aud
853 5020 944 5062 another
960 5017 982 5060 in
1000 5019 1082 5071 margin
1100 5017 1196 5071 opposite
1212 5016 1256 5059 this
1272 5016 1339 5069 place.
1367 5015 1442 5057 Under
1459 5013 1476 5056 lt
1494 5014 1613 5057 ‘Postoonn

253 5091 418 5211 Vollulipnptoslte
427 5157 477 5209 this,
487 5158 508 5200 iu
517 5158 608 5210 margin,
620 5157 677 5201 ‘Oro
686 5157 747 5200 Deus
755 5156 792 5209 qui
800 5170 855 5199 nos.
865 5155 908 5198 arr.¹
