<?xml version="1.0" encoding="UTF-8"?>
<!DOCTYPE html PUBLIC "-//W3C//DTD XHTML 1.0 Transitional//EN"
    "http://www.w3.org/TR/xhtml1/DTD/xhtml1-transitional.dtd">
<html xmlns="http://www.w3.org/1999/xhtml" xml:lang="en" lang="en">
 <head>
  <title>
</title>
<meta http-equiv="Content-Type" content="text/html;charset=utf-8" />
  <meta name='ocr-system' content='tesseract 3.04.00' />
  <meta name='ocr-capabilities' content='ocr_page ocr_carea ocr_par ocr_line ocrx_word'/>
</head>
<body>
  <div class='ocr_page' id='page_1' title='image "./missalstaugusti00englgoog_0226.png"; bbox 0 0 4109 6275; ppageno 0'>
   <div class='ocr_carea' id='block_1_1' title="bbox 473 792 1697 860">
    <p class='ocr_par' dir='ltr' id='par_1_1' title="bbox 473 792 1697 860">
     <span class='ocr_line' id='line_1_1' title="bbox 473 792 1697 860; baseline -0.011 -5"><span class='ocrx_word' id='word_1_1' title='bbox 473 793 515 855; x_wconf 88' lang='lat'><strong>26</strong></span> <span class='ocrx_word' id='word_1_2' title='bbox 612 805 724 854; x_wconf 80' lang='lat' dir='ltr'><strong>FERIA</strong></span> <span class='ocrx_word' id='word_1_3' title='bbox 747 802 886 854; x_wconf 73' lang='lat' dir='ltr'><strong>TERTIA</strong></span> <span class='ocrx_word' id='word_1_4' title='bbox 909 801 998 853; x_wconf 82' lang='lat' dir='ltr'><strong>POST</strong></span> <span class='ocrx_word' id='word_1_5' title='bbox 1022 800 1112 851; x_wconf 85' lang='lat' dir='ltr'><strong>DOM.</strong></span> <span class='ocrx_word' id='word_1_6' title='bbox 1136 798 1342 849; x_wconf 79' lang='lat' dir='ltr'>SECUNDAM</span> <span class='ocrx_word' id='word_1_7' title='bbox 1366 792 1697 860; x_wconf 78' lang='lat' dir='ltr'><strong>QUADRAGESIMAE.</strong></span> 
     </span>
    </p>
   </div>
   <div class='ocr_carea' id='block_1_2' title="bbox 639 984 1586 1046">
    <p class='ocr_par' dir='ltr' id='par_1_2' title="bbox 639 984 1586 1046">
     <span class='ocr_line' id='line_1_2' title="bbox 639 984 1586 1046; baseline -0.016 0"><span class='ocrx_word' id='word_1_8' title='bbox 639 999 746 1046; x_wconf 77' lang='lat' dir='ltr'>SUPER</span> <span class='ocrx_word' id='word_1_9' title='bbox 775 996 950 1044; x_wconf 68' lang='lat' dir='ltr'><strong>poputum.</strong></span> <span class='ocrx_word' id='word_1_10' title='bbox 1422 984 1586 1033; x_wconf 63' lang='lat' dir='ltr'><strong>stettein.</strong></span> 
     </span>
    </p>
   </div>
   <div class='ocr_carea' id='block_1_3' title="bbox 473 1083 1834 1525">
    <p class='ocr_par' dir='ltr' id='par_1_3' title="bbox 473 1083 1834 1525">
     <span class='ocr_line' id='line_1_3' title="bbox 547 1083 1833 1226; baseline -0.003 -75"><span class='ocrx_word' id='word_1_11' title='bbox 547 1087 644 1152; x_wconf 89' lang='lat' dir='ltr'><strong>desto</strong></span> <span class='ocrx_word' id='word_1_12' title='bbox 673 1085 972 1170; x_wconf 82' lang='lat' dir='ltr'><strong>supplicationibus</strong></span> <span class='ocrx_word' id='word_1_13' title='bbox 1005 1084 1127 1148; x_wconf 86' lang='lat' dir='ltr'><strong>nostris</strong></span> <span class='ocrx_word' id='word_1_14' title='bbox 1186 1093 1366 1226; x_wconf 82' lang='lat' dir='ltr'><strong>Hostias</strong></span> <span class='ocrx_word' id='word_1_15' title='bbox 1386 1090 1522 1156; x_wconf 87' lang='lat' dir='ltr'><strong>domine</strong></span> <span class='ocrx_word' id='word_1_16' title='bbox 1542 1107 1627 1170; x_wconf 88' lang='lat' dir='ltr'><strong>quas</strong></span> <span class='ocrx_word' id='word_1_17' title='bbox 1647 1086 1708 1150; x_wconf 94' lang='lat' dir='ltr'><strong>tibi</strong></span> <span class='ocrx_word' id='word_1_18' title='bbox 1724 1083 1833 1148; x_wconf 82' lang='lat' dir='ltr'><strong>oileri-</strong></span> 
     </span>
     <span class='ocr_line' id='line_1_4' title="bbox 569 1172 1834 1262; baseline -0.008 -18"><span class='ocrx_word' id='word_1_19' title='bbox 569 1175 783 1257; x_wconf 78' lang='lat' dir='ltr'><strong>omnipotens</strong></span> <span class='ocrx_word' id='word_1_20' title='bbox 817 1174 900 1239; x_wconf 85' lang='lat' dir='ltr'><strong>deus</strong></span> <span class='ocrx_word' id='word_1_21' title='bbox 915 1225 922 1239; x_wconf 85' lang='lat'><strong>.</strong></span> <span class='ocrx_word' id='word_1_22' title='bbox 938 1182 972 1238; x_wconf 83' lang='lat' dir='ltr'><strong>et</strong></span> <span class='ocrx_word' id='word_1_23' title='bbox 1005 1172 1128 1257; x_wconf 73' lang='lat' dir='ltr'><strong>qulbus</strong></span> <span class='ocrx_word' id='word_1_24' title='bbox 1285 1201 1360 1244; x_wconf 88' lang='lat' dir='ltr'><strong>mus</strong></span> <span class='ocrx_word' id='word_1_25' title='bbox 1375 1178 1540 1262; x_wconf 90' lang='lat' dir='ltr'><strong>propitius</strong></span> <span class='ocrx_word' id='word_1_26' title='bbox 1555 1173 1686 1256; x_wconf 85' lang='lat' dir='ltr'><strong>suscipe</strong></span> <span class='ocrx_word' id='word_1_27' title='bbox 1702 1221 1710 1236; x_wconf 87' lang='lat'><strong>.</strong></span> <span class='ocrx_word' id='word_1_28' title='bbox 1725 1182 1758 1236; x_wconf 90' lang='lat' dir='ltr'><strong>et</strong></span> <span class='ocrx_word' id='word_1_29' title='bbox 1774 1192 1834 1253; x_wconf 89' lang='lat' dir='ltr'><strong>per</strong></span> 
     </span>
     <span class='ocr_line' id='line_1_5' title="bbox 474 1258 1834 1345; baseline -0.004 -20"><span class='ocrx_word' id='word_1_30' title='bbox 474 1262 631 1325; x_wconf 86' lang='lat' dir='ltr'><strong>fiduciam</strong></span> <span class='ocrx_word' id='word_1_31' title='bbox 672 1262 858 1345; x_wconf 86' lang='lat' dir='ltr'><strong>sperandae</strong></span> <span class='ocrx_word' id='word_1_32' title='bbox 899 1260 1034 1344; x_wconf 89' lang='lat' dir='ltr'><strong>pietatis</strong></span> <span class='ocrx_word' id='word_1_33' title='bbox 1079 1259 1126 1321; x_wconf 91' lang='lat' dir='ltr'><strong>in·</strong></span> <span class='ocrx_word' id='word_1_34' title='bbox 1180 1267 1262 1332; x_wconf 86' lang='lat' dir='ltr'><strong>haec</strong></span> <span class='ocrx_word' id='word_1_35' title='bbox 1301 1277 1419 1331; x_wconf 91' lang='lat' dir='ltr'><strong>sancta</strong></span> <span class='ocrx_word' id='word_1_36' title='bbox 1458 1262 1658 1328; x_wconf 91' lang='lat' dir='ltr'><strong>commercia</strong></span> <span class='ocrx_word' id='word_1_37' title='bbox 1700 1258 1834 1322; x_wconf 89' lang='lat' dir='ltr'><strong>uincula</strong></span> 
     </span>
     <span class='ocr_line' id='line_1_6' title="bbox 473 1345 1831 1438; baseline -0.006 -25"><span class='ocrx_word' id='word_1_38' title='bbox 473 1349 593 1431; x_wconf 87' lang='lat' dir='ltr'><strong>dulges</strong></span> <span class='ocrx_word' id='word_1_39' title='bbox 623 1399 630 1412; x_wconf 89' lang='lat'><strong>.</strong></span> <span class='ocrx_word' id='word_1_40' title='bbox 659 1358 839 1413; x_wconf 88' lang='lat' dir='ltr'><strong>consuetae</strong></span> <span class='ocrx_word' id='word_1_41' title='bbox 885 1345 1128 1411; x_wconf 84' lang='lat' dir='ltr'><strong>misericordiae</strong></span> <span class='ocrx_word' id='word_1_42' title='bbox 1180 1365 1392 1438; x_wconf 70' lang='lat' dir='ltr'><strong>peccatorum</strong></span> <span class='ocrx_word' id='word_1_43' title='bbox 1430 1361 1619 1416; x_wconf 77' lang='lat' dir='ltr'><strong>nostrorum</strong></span> <span class='ocrx_word' id='word_1_44' title='bbox 1657 1346 1796 1411; x_wconf 87' lang='lat' dir='ltr'><strong>absolue</strong></span> <span class='ocrx_word' id='word_1_45' title='bbox 1825 1397 1831 1408; x_wconf 89' lang='lat'>.</span> 
     </span>
     <span class='ocr_line' id='line_1_7' title="bbox 474 1435 1246 1525; baseline -0.004 -25"><span class='ocrx_word' id='word_1_46' title='bbox 474 1436 582 1500; x_wconf 88' lang='lat' dir='ltr'><strong>tribue</strong></span> <span class='ocrx_word' id='word_1_47' title='bbox 598 1436 763 1518; x_wconf 90' lang='lat' dir='ltr'><strong>benignus</strong></span> <span class='ocrx_word' id='word_1_48' title='bbox 778 1435 933 1500; x_wconf 82' lang='lat' dir='ltr'><strong>effectum</strong></span> <span class='ocrx_word' id='word_1_49' title='bbox 950 1484 957 1498; x_wconf 94' lang='lat'><strong>.</strong></span> <span class='ocrx_word' id='word_1_50' title='bbox 974 1454 1041 1517; x_wconf 88' lang='lat' dir='ltr'><strong>per.</strong></span> <span class='ocrx_word' id='word_1_51' title='bbox 1179 1463 1246 1525; x_wconf 73' lang='lat' dir='ltr'><strong>per,</strong></span> 
     </span>
    </p>
   </div>
   <div class='ocr_carea' id='block_1_4' title="bbox 1359 1586 1655 1637">
    <p class='ocr_par' dir='ltr' id='par_1_4' title="bbox 1359 1586 1655 1637">
     <span class='ocr_line' id='line_1_8' title="bbox 1359 1586 1655 1637; baseline -0.02 0"><span class='ocrx_word' id='word_1_52' title='bbox 1359 1586 1655 1637; x_wconf 64' lang='lat' dir='ltr'><strong>postcommuio,</strong></span> 
     </span>
    </p>
   </div>
   <div class='ocr_carea' id='block_1_5' title="bbox 654 1653 1834 1864">
    <p class='ocr_par' dir='ltr' id='par_1_5' title="bbox 654 1653 1834 1864">
     <span class='ocr_line' id='line_1_9' title="bbox 686 1653 1832 1834; baseline -0.014 -69"><span class='ocrx_word' id='word_1_53' title='bbox 686 1653 920 1714; x_wconf 50' lang='lat' dir='ltr'><strong>FER&#39;A&#39;m&#39;</strong></span> <span class='ocrx_word' id='word_1_54' title='bbox 1181 1695 1358 1834; x_wconf 75' lang='lat' dir='ltr'><strong>Sumptis</strong></span> <span class='ocrx_word' id='word_1_55' title='bbox 1378 1692 1515 1756; x_wconf 92' lang='lat' dir='ltr'><strong>domine</strong></span> <span class='ocrx_word' id='word_1_56' title='bbox 1535 1686 1832 1754; x_wconf 86' lang='lat' dir='ltr'><strong>sacramentis.ad</strong></span> 
     </span>
     <span class='ocr_line' id='line_1_10' title="bbox 654 1781 1834 1864; baseline -0.009 -16"><span class='ocrx_word' id='word_1_57' title='bbox 654 1785 683 1842; x_wconf 83' lang='grc' dir='ltr'><strong>Ᾰ.</strong></span> <span class='ocrx_word' id='word_1_58' title='bbox 722 1795 787 1848; x_wconf 84' lang='lat' dir='ltr'><strong>Tibi</strong></span> <span class='ocrx_word' id='word_1_59' title='bbox 806 1793 875 1848; x_wconf 81' lang='lat' dir='ltr'><strong>dixit</strong></span> <span class='ocrx_word' id='word_1_60' title='bbox 893 1810 948 1847; x_wconf 88' lang='lat' dir='ltr'><strong>cor.</strong></span> <span class='ocrx_word' id='word_1_61' title='bbox 1255 1781 1493 1864; x_wconf 85' lang='lat' dir='ltr'><strong>redemptionis</strong></span> <span class='ocrx_word' id='word_1_62' title='bbox 1534 1788 1689 1842; x_wconf 88' lang='lat' dir='ltr'><strong>aeternae</strong></span> <span class='ocrx_word' id='word_1_63' title='bbox 1732 1795 1834 1858; x_wconf 89' lang='lat' dir='ltr'><strong>quae·</strong></span> 
     </span>
    </p>
   </div>
   <div class='ocr_carea' id='block_1_6' title="bbox 733 1867 1833 2039">
    <p class='ocr_par' dir='ltr' id='par_1_6' title="bbox 733 1867 1833 2039">
     <span class='ocr_line' id='line_1_11' title="bbox 733 1867 1833 1981; baseline -0.033 -22"><span class='ocrx_word' id='word_1_64' title='bbox 733 1933 863 1981; x_wconf 59' lang='grc' dir='ltr'>ΟΗΑΠΟ</span> <span class='ocrx_word' id='word_1_65' title='bbox 1181 1890 1296 1934; x_wconf 91' lang='lat' dir='ltr'><strong>sumus</strong></span> <span class='ocrx_word' id='word_1_66' title='bbox 1338 1867 1551 1951; x_wconf 81' lang='lat' dir='ltr'><strong>proficiamus</strong></span> <span class='ocrx_word' id='word_1_67' title='bbox 1594 1872 1833 1946; x_wconf 83' lang='lat' dir='ltr'><strong>augmentum:</strong></span> 
     </span>
     <span class='ocr_line' id='line_1_12' title="bbox 866 1969 1247 2039; baseline -0.047 0"><span class='ocrx_word' id='word_1_68' title='bbox 866 1969 871 1981; x_wconf 80' lang='grc'><strong>’</strong></span> <span class='ocrx_word' id='word_1_69' title='bbox 1180 1977 1247 2039; x_wconf 89' lang='lat' dir='ltr'><strong>per.</strong></span> 
     </span>
    </p>
   </div>
   <div class='ocr_carea' id='block_1_7' title="bbox 474 2051 1835 2383">
    <p class='ocr_par' dir='ltr' id='par_1_7' title="bbox 537 2051 1130 2117">
     <span class='ocr_line' id='line_1_13' title="bbox 537 2051 1130 2117; baseline -0.003 -15"><span class='ocrx_word' id='word_1_70' title='bbox 537 2052 671 2103; x_wconf 84' lang='lat' dir='ltr'>ERFICE</span> <span class='ocrx_word' id='word_1_71' title='bbox 708 2052 936 2117; x_wconf 80' lang='lat' dir='ltr'><strong>QUAESUMUS</strong></span> <span class='ocrx_word' id='word_1_72' title='bbox 977 2051 1130 2102; x_wconf 85' lang='lat' dir='ltr'><strong>DOMINE</strong></span> 
     </span>
    </p>

    <p class='ocr_par' dir='ltr' id='par_1_8' title="bbox 474 2106 1835 2383">
     <span class='ocr_line' id='line_1_14' title="bbox 558 2106 1661 2192; baseline -0.006 -3"><span class='ocrx_word' id='word_1_73' title='bbox 558 2140 751 2192; x_wconf 82' lang='lat' dir='ltr'><strong>nuurcuus</strong></span> <span class='ocrx_word' id='word_1_74' title='bbox 787 2140 828 2189; x_wconf 83' lang='lat' dir='ltr'><strong>ru</strong></span> <span class='ocrx_word' id='word_1_75' title='bbox 868 2140 978 2191; x_wconf 79' lang='lat' dir='ltr'><strong>nouis</strong></span> <span class='ocrx_word' id='word_1_76' title='bbox 1015 2140 1129 2190; x_wconf 78' lang='lat' dir='ltr'><strong>osser·</strong></span> <span class='ocrx_word' id='word_1_77' title='bbox 1349 2110 1457 2157; x_wconf 65' lang='lat' dir='ltr'><strong>sumn</strong></span> <span class='ocrx_word' id='word_1_78' title='bbox 1485 2106 1661 2156; x_wconf 63' lang='lat' dir='ltr'>POPUUJM·</span> 
     </span>
     <span class='ocr_line' id='line_1_15' title="bbox 476 2205 1835 2350; baseline -0.009 -74"><span class='ocrx_word' id='word_1_79' title='bbox 476 2214 609 2277; x_wconf 90' lang='lat' dir='ltr'><strong>uantiae</strong></span> <span class='ocrx_word' id='word_1_80' title='bbox 624 2223 760 2279; x_wconf 89' lang='lat' dir='ltr'><strong>sanctae</strong></span> <span class='ocrx_word' id='word_1_81' title='bbox 775 2213 1026 2277; x_wconf 88' lang='lat' dir='ltr'><strong>subsidium.ut</strong></span> <span class='ocrx_word' id='word_1_82' title='bbox 1041 2233 1129 2297; x_wconf 89' lang='lat' dir='ltr'><strong>quae</strong></span> <span class='ocrx_word' id='word_1_83' title='bbox 1189 2224 1213 2350; x_wconf 72' lang='grc' dir='ltr'>Ι</span> <span class='ocrx_word' id='word_1_84' title='bbox 1259 2221 1328 2273; x_wconf 76' lang='lat' dir='ltr'><strong>EUS</strong></span> <span class='ocrx_word' id='word_1_85' title='bbox 1358 2206 1567 2270; x_wconf 88' lang='lat' dir='ltr'><strong>innocentiae</strong></span> <span class='ocrx_word' id='word_1_86' title='bbox 1598 2205 1769 2268; x_wconf 88' lang='lat' dir='ltr'><strong>restitutor</strong></span> <span class='ocrx_word' id='word_1_87' title='bbox 1800 2210 1835 2265; x_wconf 91' lang='lat' dir='ltr'><strong>et</strong></span> 
     </span>
     <span class='ocr_line' id='line_1_16' title="bbox 474 2293 1834 2383; baseline -0.007 -20"><span class='ocrx_word' id='word_1_88' title='bbox 474 2309 508 2363; x_wconf 89' lang='lat' dir='ltr'><strong>te</strong></span> <span class='ocrx_word' id='word_1_89' title='bbox 539 2310 673 2365; x_wconf 89' lang='lat' dir='ltr'><strong>auctore</strong></span> <span class='ocrx_word' id='word_1_90' title='bbox 703 2302 855 2366; x_wconf 82' lang='lat' dir='ltr'><strong>iacienda</strong></span> <span class='ocrx_word' id='word_1_91' title='bbox 884 2301 1129 2383; x_wconf 88' lang='lat' dir='ltr'><strong>cognouimus.</strong></span> <span class='ocrx_word' id='word_1_92' title='bbox 1279 2305 1426 2358; x_wconf 92' lang='lat' dir='ltr'><strong>amator:</strong></span> <span class='ocrx_word' id='word_1_93' title='bbox 1449 2294 1556 2376; x_wconf 84' lang='lat' dir='ltr'><strong>dirige</strong></span> <span class='ocrx_word' id='word_1_94' title='bbox 1578 2293 1621 2356; x_wconf 92' lang='lat' dir='ltr'><strong>ad</strong></span> <span class='ocrx_word' id='word_1_95' title='bbox 1644 2301 1679 2355; x_wconf 91' lang='lat' dir='ltr'><strong>te</strong></span> <span class='ocrx_word' id='word_1_96' title='bbox 1701 2301 1834 2355; x_wconf 88' lang='lat' dir='ltr'><strong>tuorum</strong></span> 
     </span>
    </p>
   </div>
   <div class='ocr_carea' id='block_1_8' title="bbox 476 2377 1835 2551">
    <p class='ocr_par' dir='ltr' id='par_1_9' title="bbox 476 2377 1835 2551">
     <span class='ocr_line' id='line_1_17' title="bbox 476 2377 1834 2473; baseline -0.008 -22"><span class='ocrx_word' id='word_1_97' title='bbox 476 2397 510 2451; x_wconf 92' lang='lat' dir='ltr'><strong>te</strong></span> <span class='ocrx_word' id='word_1_98' title='bbox 523 2398 685 2470; x_wconf 88' lang='lat' dir='ltr'><strong>operante</strong></span> <span class='ocrx_word' id='word_1_99' title='bbox 701 2388 919 2473; x_wconf 88' lang='lat' dir='ltr'><strong>impleamus:</strong></span> <span class='ocrx_word' id='word_1_100' title='bbox 942 2409 1008 2472; x_wconf 90' lang='lat' dir='ltr'><strong>per.</strong></span> <span class='ocrx_word' id='word_1_101' title='bbox 1181 2383 1283 2446; x_wconf 90' lang='lat' dir='ltr'><strong>corda</strong></span> <span class='ocrx_word' id='word_1_102' title='bbox 1321 2401 1491 2446; x_wconf 86' lang='lat' dir='ltr'><strong>seruorum</strong></span> <span class='ocrx_word' id='word_1_103' title='bbox 1514 2430 1522 2446; x_wconf 88' lang='lat'><strong>.</strong></span> <span class='ocrx_word' id='word_1_104' title='bbox 1545 2390 1582 2444; x_wconf 89' lang='lat' dir='ltr'><strong>ut</strong></span> <span class='ocrx_word' id='word_1_105' title='bbox 1616 2379 1752 2463; x_wconf 88' lang='lat' dir='ltr'><strong>spiritus</strong></span> <span class='ocrx_word' id='word_1_106' title='bbox 1785 2377 1834 2440; x_wconf 89' lang='lat' dir='ltr'><strong>tui</strong></span> 
     </span>
     <span class='ocr_line' id='line_1_18' title="bbox 1183 2463 1835 2551; baseline -0.012 -18"><span class='ocrx_word' id='word_1_107' title='bbox 1183 2469 1312 2535; x_wconf 83' lang='lat' dir='ltr'><strong>feruore</strong></span> <span class='ocrx_word' id='word_1_108' title='bbox 1346 2477 1584 2551; x_wconf 89' lang='lat' dir='ltr'><strong>concepto.et</strong></span> <span class='ocrx_word' id='word_1_109' title='bbox 1619 2468 1651 2530; x_wconf 90' lang='lat' dir='ltr'><strong>in</strong></span> <span class='ocrx_word' id='word_1_110' title='bbox 1688 2464 1754 2528; x_wconf 86' lang='lat' dir='ltr'><strong>lide</strong></span> <span class='ocrx_word' id='word_1_111' title='bbox 1787 2463 1835 2526; x_wconf 91' lang='lat' dir='ltr'><strong>in-</strong></span> 
     </span>
    </p>
   </div>
   <div class='ocr_carea' id='block_1_9' title="bbox 475 2548 1834 2992">
    <p class='ocr_par' dir='ltr' id='par_1_10' title="bbox 475 2548 1834 2992">
     <span class='ocr_line' id='line_1_19' title="bbox 720 2548 1834 2636; baseline -0.008 -14"><span class='ocrx_word' id='word_1_112' title='bbox 720 2548 883 2596; x_wconf 57' lang='grc' dir='ltr'>5ΕΟΒΕΤΑ·</span> <span class='ocrx_word' id='word_1_113' title='bbox 1183 2558 1360 2622; x_wconf 90' lang='lat' dir='ltr'><strong>ueniantur</strong></span> <span class='ocrx_word' id='word_1_114' title='bbox 1374 2556 1512 2620; x_wconf 90' lang='lat' dir='ltr'><strong>stabiles</strong></span> <span class='ocrx_word' id='word_1_115' title='bbox 1527 2605 1534 2619; x_wconf 91' lang='lat'><strong>.</strong></span> <span class='ocrx_word' id='word_1_116' title='bbox 1550 2564 1584 2618; x_wconf 90' lang='lat' dir='ltr'><strong>et</strong></span> <span class='ocrx_word' id='word_1_117' title='bbox 1601 2555 1634 2616; x_wconf 91' lang='lat' dir='ltr'><strong>in</strong></span> <span class='ocrx_word' id='word_1_118' title='bbox 1649 2572 1750 2636; x_wconf 88' lang='lat' dir='ltr'><strong>opere</strong></span> <span class='ocrx_word' id='word_1_119' title='bbox 1766 2549 1834 2614; x_wconf 87' lang='lat' dir='ltr'><strong>effi-</strong></span> 
     </span>
     <span class='ocr_line' id='line_1_20' title="bbox 476 2641 1768 2785; baseline -0.01 -72"><span class='ocrx_word' id='word_1_120' title='bbox 476 2647 808 2785; x_wconf 75' lang='lat' dir='ltr'><strong>Sanctificationem</strong></span> <span class='ocrx_word' id='word_1_121' title='bbox 832 2657 926 2712; x_wconf 89' lang='lat' dir='ltr'><strong>tuam</strong></span> <span class='ocrx_word' id='word_1_122' title='bbox 950 2649 1046 2712; x_wconf 91' lang='lat' dir='ltr'><strong>nobis</strong></span> <span class='ocrx_word' id='word_1_123' title='bbox 1070 2649 1130 2713; x_wconf 91' lang='lat' dir='ltr'><strong>do·</strong></span> <span class='ocrx_word' id='word_1_124' title='bbox 1181 2666 1294 2709; x_wconf 89' lang='lat' dir='ltr'><strong>caces:</strong></span> <span class='ocrx_word' id='word_1_125' title='bbox 1318 2664 1398 2726; x_wconf 89' lang='lat' dir='ltr'><strong>per.</strong></span> <span class='ocrx_word' id='word_1_126' title='bbox 1415 2644 1448 2706; x_wconf 93' lang='lat' dir='ltr'><strong>in</strong></span> <span class='ocrx_word' id='word_1_127' title='bbox 1465 2643 1594 2707; x_wconf 89' lang='lat' dir='ltr'><strong>unitate</strong></span> <span class='ocrx_word' id='word_1_128' title='bbox 1610 2641 1768 2705; x_wconf 89' lang='lat' dir='ltr'><strong>eiusdem.</strong></span> 
     </span>
     <span class='ocr_line' id='line_1_21' title="bbox 551 2735 1130 2819; baseline -0.002 -20"><span class='ocrx_word' id='word_1_129' title='bbox 551 2736 640 2799; x_wconf 90' lang='lat' dir='ltr'><strong>mine</strong></span> <span class='ocrx_word' id='word_1_130' title='bbox 677 2736 728 2799; x_wconf 89' lang='lat' dir='ltr'><strong>his</strong></span> <span class='ocrx_word' id='word_1_131' title='bbox 771 2736 937 2819; x_wconf 88' lang='lat' dir='ltr'><strong>mysteriis</strong></span> <span class='ocrx_word' id='word_1_132' title='bbox 978 2735 1130 2819; x_wconf 89' lang='lat' dir='ltr'><strong>placatus</strong></span> 
     </span>
     <span class='ocr_line' id='line_1_22' title="bbox 475 2823 1131 2906; baseline -0.002 -20"><span class='ocrx_word' id='word_1_133' title='bbox 475 2842 614 2906; x_wconf 88' lang='lat' dir='ltr'><strong>operare</strong></span> <span class='ocrx_word' id='word_1_134' title='bbox 630 2872 637 2887; x_wconf 94' lang='lat'><strong>.</strong></span> <span class='ocrx_word' id='word_1_135' title='bbox 653 2842 739 2906; x_wconf 91' lang='lat' dir='ltr'><strong>quae</strong></span> <span class='ocrx_word' id='word_1_136' title='bbox 771 2842 832 2886; x_wconf 86' lang='lat' dir='ltr'><strong>nos</strong></span> <span class='ocrx_word' id='word_1_137' title='bbox 866 2832 902 2886; x_wconf 89' lang='lat' dir='ltr'><strong>et</strong></span> <span class='ocrx_word' id='word_1_138' title='bbox 936 2842 957 2886; x_wconf 91' lang='lat' dir='ltr'><strong>a</strong></span> <span class='ocrx_word' id='word_1_139' title='bbox 991 2823 1131 2887; x_wconf 88' lang='lat' dir='ltr'><strong>terrenis</strong></span> 
     </span>
     <span class='ocr_line' id='line_1_23' title="bbox 477 2908 1615 2992; baseline 0.002 -20"><span class='ocrx_word' id='word_1_140' title='bbox 477 2920 597 2992; x_wconf 85' lang='lat' dir='ltr'><strong>purget</strong></span> <span class='ocrx_word' id='word_1_141' title='bbox 618 2910 728 2973; x_wconf 88' lang='lat' dir='ltr'><strong>uitiis.</strong></span> <span class='ocrx_word' id='word_1_142' title='bbox 744 2919 778 2973; x_wconf 90' lang='lat' dir='ltr'><strong>et</strong></span> <span class='ocrx_word' id='word_1_143' title='bbox 799 2910 841 2973; x_wconf 92' lang='lat' dir='ltr'><strong>ad</strong></span> <span class='ocrx_word' id='word_1_144' title='bbox 863 2908 1020 2974; x_wconf 88' lang='lat' dir='ltr'><strong>caelestia</strong></span> <span class='ocrx_word' id='word_1_145' title='bbox 1040 2910 1131 2973; x_wconf 91' lang='lat' dir='ltr'><strong>dona</strong></span> <span class='ocrx_word' id='word_1_146' title='bbox 1402 2918 1562 2978; x_wconf 71' lang='lat' dir='ltr'><strong>reinn.</strong></span> <span class='ocrx_word' id='word_1_147' title='bbox 1579 2917 1615 2975; x_wconf 75' lang='lat' dir='ltr'><strong>U,</strong></span> 
     </span>
    </p>
   </div>
   <div class='ocr_carea' id='block_1_10' title="bbox 477 2996 1762 3103">
    <p class='ocr_par' dir='ltr' id='par_1_11' title="bbox 477 2996 1762 3103">
     <span class='ocr_line' id='line_1_24' title="bbox 477 2996 1762 3103; baseline 0.005 -12"><span class='ocrx_word' id='word_1_148' title='bbox 477 2996 638 3078; x_wconf 62' lang='lat' dir='ltr'>perducat</span> <span class='ocrx_word' id='word_1_149' title='bbox 654 3046 661 3059; x_wconf 85' lang='lat'><strong>‘</strong></span> <span class='ocrx_word' id='word_1_150' title='bbox 677 3017 744 3079; x_wconf 63' lang='lat' dir='ltr'><strong>per·</strong></span> <span class='ocrx_word' id='word_1_151' title='bbox 1254 3048 1282 3103; x_wconf 82' lang='lat' dir='ltr'><strong>ii.</strong></span> <span class='ocrx_word' id='word_1_152' title='bbox 1322 3048 1401 3101; x_wconf 91' lang='lat' dir='ltr'><strong>Deus</strong></span> <span class='ocrx_word' id='word_1_153' title='bbox 1420 3045 1449 3099; x_wconf 87' lang='lat' dir='ltr'><strong>in</strong></span> <span class='ocrx_word' id='word_1_154' title='bbox 1467 3044 1639 3100; x_wconf 84' lang='lat' dir='ltr'><strong>adiutorium</strong></span> <span class='ocrx_word' id='word_1_155' title='bbox 1658 3059 1762 3098; x_wconf 89' lang='lat' dir='ltr'><strong>meum.</strong></span> 
     </span>
    </p>
   </div>
   <div class='ocr_carea' id='block_1_11' title="bbox 654 3158 1580 3225">
    <p class='ocr_par' dir='ltr' id='par_1_12' title="bbox 654 3158 1580 3225">
     <span class='ocr_line' id='line_1_25' title="bbox 654 3158 1580 3225; baseline 0.011 -19"><span class='ocrx_word' id='word_1_156' title='bbox 654 3158 951 3206; x_wconf 64' lang='lat' dir='ltr'><strong>postcommunio</strong></span> <span class='ocrx_word' id='word_1_157' title='bbox 1443 3177 1580 3225; x_wconf 66' lang='grc' dir='ltr'>ΟΒΑΤΙΟ,</span> 
     </span>
    </p>
   </div>
   <div class='ocr_carea' id='block_1_12' title="bbox 477 3258 1838 3611">
    <p class='ocr_par' dir='ltr' id='par_1_13' title="bbox 484 3258 1837 3391">
     <span class='ocr_line' id='line_1_26' title="bbox 484 3258 1837 3391; baseline 0.005 -69"><span class='ocrx_word' id='word_1_158' title='bbox 484 3258 683 3391; x_wconf 82' lang='lat' dir='ltr'><strong>Utsacris</strong></span> <span class='ocrx_word' id='word_1_159' title='bbox 694 3258 831 3359; x_wconf 82' lang='lat' dir='ltr'><strong>domine</strong></span> <span class='ocrx_word' id='word_1_160' title='bbox 843 3259 1023 3324; x_wconf 87' lang='lat' dir='ltr'><strong>reddamur</strong></span> <span class='ocrx_word' id='word_1_161' title='bbox 1037 3259 1131 3342; x_wconf 86' lang='lat' dir='ltr'><strong>digni</strong></span> <span class='ocrx_word' id='word_1_162' title='bbox 1220 3298 1386 3365; x_wconf 75' lang='lat' dir='ltr'><strong>)RnEsTn</strong></span> <span class='ocrx_word' id='word_1_163' title='bbox 1412 3297 1522 3348; x_wconf 76' lang='lat' dir='ltr'><strong>Nouis</strong></span> <span class='ocrx_word' id='word_1_164' title='bbox 1546 3296 1697 3346; x_wconf 79' lang='lat' dir='ltr'><strong>DOMINE</strong></span> <span class='ocrx_word' id='word_1_165' title='bbox 1718 3295 1837 3358; x_wconf 76' lang='lat' dir='ltr'><strong>QUAE-</strong></span> 
     </span>
    </p>

    <p class='ocr_par' dir='ltr' id='par_1_14' title="bbox 477 3344 1838 3611">
     <span class='ocr_line' id='line_1_27' title="bbox 580 3344 1838 3448; baseline 0.006 -22"><span class='ocrx_word' id='word_1_166' title='bbox 580 3346 772 3447; x_wconf 56' lang='lat' dir='ltr'><strong>muqfflbffi</strong></span> <span class='ocrx_word' id='word_1_167' title='bbox 803 3394 811 3447; x_wconf 91' lang='lat'><strong>:</strong></span> <span class='ocrx_word' id='word_1_168' title='bbox 843 3344 896 3410; x_wconf 83' lang='lat' dir='ltr'><strong>iac</strong></span> <span class='ocrx_word' id='word_1_169' title='bbox 932 3367 1130 3448; x_wconf 59' lang='lat' dir='ltr'><strong>nosquae·</strong></span> <span class='ocrx_word' id='word_1_170' title='bbox 1265 3386 1391 3438; x_wconf 82' lang='lat' dir='ltr'><strong>sunus</strong></span> <span class='ocrx_word' id='word_1_171' title='bbox 1435 3384 1627 3435; x_wconf 80' lang='lat' dir='ltr'><strong>nuxuruu</strong></span> <span class='ocrx_word' id='word_1_172' title='bbox 1672 3383 1838 3433; x_wconf 72' lang='lat' dir='ltr'><strong>cnarrne</strong></span> 
     </span>
     <span class='ocr_line' id='line_1_28' title="bbox 477 3432 1837 3525; baseline 0.004 -12"><span class='ocrx_word' id='word_1_173' title='bbox 477 3452 593 3495; x_wconf 66' lang='lat' dir='ltr'><strong>sumus</strong></span> <span class='ocrx_word' id='word_1_174' title='bbox 608 3443 674 3495; x_wconf 52' lang='grc' dir='ltr'><strong>ωδ</strong></span> <span class='ocrx_word' id='word_1_175' title='bbox 688 3432 847 3497; x_wconf 68' lang='lat' dir='ltr'><strong>0b00d¹le</strong></span> <span class='ocrx_word' id='word_1_176' title='bbox 864 3433 1032 3498; x_wconf 60' lang='lat' dir='ltr'>mandans</span> <span class='ocrx_word' id='word_1_177' title='bbox 1044 3484 1051 3499; x_wconf 89' lang='lat'><strong>·</strong></span> <span class='ocrx_word' id='word_1_178' title='bbox 1064 3454 1131 3517; x_wconf 66' lang='lat' dir='ltr'><strong>pes·</strong></span> <span class='ocrx_word' id='word_1_179' title='bbox 1183 3474 1286 3525; x_wconf 78' lang='lat' dir='ltr'><strong>TUAE</strong></span> <span class='ocrx_word' id='word_1_180' title='bbox 1301 3508 1309 3525; x_wconf 87' lang='lat'><strong>.</strong></span> <span class='ocrx_word' id='word_1_181' title='bbox 1325 3473 1376 3524; x_wconf 80' lang='lat' dir='ltr'><strong>UT</strong></span> <span class='ocrx_word' id='word_1_182' title='bbox 1407 3459 1537 3522; x_wconf 88' lang='lat' dir='ltr'><strong>ieiuniis</strong></span> <span class='ocrx_word' id='word_1_183' title='bbox 1566 3466 1600 3521; x_wconf 94' lang='lat' dir='ltr'><strong>et</strong></span> <span class='ocrx_word' id='word_1_184' title='bbox 1630 3458 1837 3520; x_wconf 88' lang='lat' dir='ltr'><strong>orationibus</strong></span> 
     </span>
     <span class='ocr_line' id='line_1_29' title="bbox 1183 3544 1837 3611; baseline -0.005 -2"><span class='ocrx_word' id='word_1_185' title='bbox 1183 3548 1421 3611; x_wconf 89' lang='lat' dir='ltr'><strong>conuenienter</strong></span> <span class='ocrx_word' id='word_1_186' title='bbox 1440 3546 1558 3609; x_wconf 90' lang='lat' dir='ltr'><strong>intenti</strong></span> <span class='ocrx_word' id='word_1_187' title='bbox 1575 3595 1581 3609; x_wconf 95' lang='lat'>.</span> <span class='ocrx_word' id='word_1_188' title='bbox 1597 3544 1776 3608; x_wconf 86' lang='lat' dir='ltr'><strong>liberemur</strong></span> <span class='ocrx_word' id='word_1_189' title='bbox 1793 3545 1837 3607; x_wconf 92' lang='lat' dir='ltr'><strong>ab</strong></span> 
     </span>
    </p>
   </div>
   <div class='ocr_carea' id='block_1_13' title="bbox 633 3594 1792 3715">
    <p class='ocr_par' dir='ltr' id='par_1_15' title="bbox 633 3594 1792 3715">
     <span class='ocr_line' id='line_1_30' title="bbox 633 3594 1668 3649; baseline -0.002 -1"><span class='ocrx_word' id='word_1_190' title='bbox 633 3594 765 3648; x_wconf 71' lang='lat' dir='ltr'><strong>lsueen</strong></span> <span class='ocrx_word' id='word_1_191' title='bbox 794 3600 969 3645; x_wconf 67' lang='lat' dir='ltr'><strong>poputum.</strong></span> <span class='ocrx_word' id='word_1_192' title='bbox 1264 3635 1271 3649; x_wconf 92' lang='lat'><strong>.</strong></span> <span class='ocrx_word' id='word_1_193' title='bbox 1448 3635 1455 3647; x_wconf 87' lang='lat'><strong>.</strong></span> <span class='ocrx_word' id='word_1_194' title='bbox 1661 3632 1668 3646; x_wconf 91' lang='lat'><strong>.</strong></span> 
     </span>
     <span class='ocr_line' id='line_1_31' title="bbox 1183 3635 1792 3715; baseline -0.005 -18"><span class='ocrx_word' id='word_1_195' title='bbox 1183 3635 1336 3700; x_wconf 78' lang='lat' dir='ltr'><strong>hostibus</strong></span> <span class='ocrx_word' id='word_1_196' title='bbox 1352 3643 1474 3697; x_wconf 79' lang='lat' dir='ltr'><strong>mentis</strong></span> <span class='ocrx_word' id='word_1_197' title='bbox 1489 3642 1524 3697; x_wconf 92' lang='lat' dir='ltr'><strong>et</strong></span> <span class='ocrx_word' id='word_1_198' title='bbox 1539 3652 1687 3715; x_wconf 79' lang='lat' dir='ltr'><strong>corporis</strong></span> <span class='ocrx_word' id='word_1_199' title='bbox 1703 3681 1709 3695; x_wconf 94' lang='lat'>.</span> <span class='ocrx_word' id='word_1_200' title='bbox 1725 3652 1792 3714; x_wconf 90' lang='lat' dir='ltr'><strong>per.</strong></span> 
     </span>
    </p>
   </div>
   <div class='ocr_carea' id='block_1_14' title="bbox 479 3692 1599 4125">
    <p class='ocr_par' dir='ltr' id='par_1_16' title="bbox 479 3692 1599 3951">
     <span class='ocr_line' id='line_1_32' title="bbox 486 3692 1131 3833; baseline 0.002 -77"><span class='ocrx_word' id='word_1_201' title='bbox 486 3692 696 3833; x_wconf 73' lang='lat' dir='ltr'><strong>propitiare</strong></span> <span class='ocrx_word' id='word_1_202' title='bbox 741 3693 877 3757; x_wconf 92' lang='lat' dir='ltr'><strong>domine</strong></span> <span class='ocrx_word' id='word_1_203' title='bbox 914 3692 1131 3777; x_wconf 89' lang='lat' dir='ltr'><strong>supplicatio-</strong></span> 
     </span>
     <span class='ocr_line' id='line_1_33' title="bbox 562 3780 1599 3876; baseline 0.005 -34"><span class='ocrx_word' id='word_1_204' title='bbox 562 3781 660 3844; x_wconf 91' lang='lat' dir='ltr'><strong>nibus</strong></span> <span class='ocrx_word' id='word_1_205' title='bbox 697 3780 819 3844; x_wconf 89' lang='lat' dir='ltr'><strong>nostris</strong></span> <span class='ocrx_word' id='word_1_206' title='bbox 842 3830 849 3846; x_wconf 89' lang='lat'><strong>.</strong></span> <span class='ocrx_word' id='word_1_207' title='bbox 872 3791 906 3844; x_wconf 91' lang='lat' dir='ltr'><strong>et</strong></span> <span class='ocrx_word' id='word_1_208' title='bbox 943 3782 1131 3846; x_wconf 88' lang='lat' dir='ltr'><strong>animarum</strong></span> <span class='ocrx_word' id='word_1_209' title='bbox 1415 3804 1599 3876; x_wconf 62' lang='lat' dir='ltr'><strong>&#39;550an</strong></span> 
     </span>
     <span class='ocr_line' id='line_1_34' title="bbox 479 3867 1132 3951; baseline 0.005 -20"><span class='ocrx_word' id='word_1_210' title='bbox 479 3876 667 3931; x_wconf 87' lang='lat' dir='ltr'><strong>nostrarum</strong></span> <span class='ocrx_word' id='word_1_211' title='bbox 687 3867 819 3931; x_wconf 90' lang='lat' dir='ltr'><strong>medere</strong></span> <span class='ocrx_word' id='word_1_212' title='bbox 839 3867 1078 3951; x_wconf 88' lang='lat' dir='ltr'><strong>languoribus.</strong></span> <span class='ocrx_word' id='word_1_213' title='bbox 1095 3879 1132 3934; x_wconf 88' lang='lat' dir='ltr'><strong>ut</strong></span> 
     </span>
    </p>

    <p class='ocr_par' dir='ltr' id='par_1_17' title="bbox 479 3927 1215 4125">
     <span class='ocr_line' id='line_1_35' title="bbox 479 3927 1215 4053; baseline 0.003 -37"><span class='ocrx_word' id='word_1_214' title='bbox 479 3955 672 4018; x_wconf 90' lang='lat' dir='ltr'><strong>remissione</strong></span> <span class='ocrx_word' id='word_1_215' title='bbox 687 3964 863 4037; x_wconf 89' lang='lat' dir='ltr'><strong>percepta.</strong></span> <span class='ocrx_word' id='word_1_216' title='bbox 876 3956 910 4018; x_wconf 93' lang='lat' dir='ltr'><strong>in</strong></span> <span class='ocrx_word' id='word_1_217' title='bbox 926 3964 985 4019; x_wconf 89' lang='lat' dir='ltr'><strong>tua</strong></span> <span class='ocrx_word' id='word_1_218' title='bbox 1000 3975 1133 4039; x_wconf 90' lang='lat' dir='ltr'><strong>semper</strong></span> <span class='ocrx_word' id='word_1_219' title='bbox 1191 3927 1215 4053; x_wconf 76' lang='grc' dir='ltr'>Ι</span> 
     </span>
     <span class='ocr_line' id='line_1_36' title="bbox 480 4041 997 4125; baseline 0.002 -20"><span class='ocrx_word' id='word_1_220' title='bbox 480 4041 713 4106; x_wconf 90' lang='lat' dir='ltr'><strong>benedictione</strong></span> <span class='ocrx_word' id='word_1_221' title='bbox 729 4041 914 4107; x_wconf 89' lang='lat' dir='ltr'><strong>laetemur.</strong></span> <span class='ocrx_word' id='word_1_222' title='bbox 930 4063 997 4125; x_wconf 89' lang='lat' dir='ltr'><strong>per.</strong></span> 
     </span>
    </p>
   </div>
   <div class='ocr_carea' id='block_1_15' title="bbox 680 3919 1838 4353">
    <p class='ocr_par' dir='ltr' id='par_1_18' title="bbox 1218 3919 1837 3991">
     <span class='ocr_line' id='line_1_37' title="bbox 1218 3919 1837 3991; baseline 0.005 -7"><span class='ocrx_word' id='word_1_223' title='bbox 1218 3921 1387 3991; x_wconf 89' lang='lat' dir='ltr'><strong>)raesenti</strong></span> <span class='ocrx_word' id='word_1_224' title='bbox 1418 3919 1580 3985; x_wconf 83' lang='lat' dir='ltr'><strong>sacrificio</strong></span> <span class='ocrx_word' id='word_1_225' title='bbox 1611 3941 1671 3984; x_wconf 91' lang='lat' dir='ltr'><strong>nos</strong></span> <span class='ocrx_word' id='word_1_226' title='bbox 1701 3923 1837 3987; x_wconf 91' lang='lat' dir='ltr'><strong>domine</strong></span> 
     </span>
    </p>

    <p class='ocr_par' dir='ltr' id='par_1_19' title="bbox 680 4008 1838 4353">
     <span class='ocr_line' id='line_1_38' title="bbox 1268 4008 1837 4073; baseline 0.004 -2"><span class='ocrx_word' id='word_1_227' title='bbox 1268 4009 1394 4072; x_wconf 91' lang='lat' dir='ltr'><strong>nomini</strong></span> <span class='ocrx_word' id='word_1_228' title='bbox 1410 4017 1470 4072; x_wconf 90' lang='lat' dir='ltr'><strong>tuo</strong></span> <span class='ocrx_word' id='word_1_229' title='bbox 1486 4008 1608 4073; x_wconf 89' lang='lat' dir='ltr'><strong>ieiunia</strong></span> <span class='ocrx_word' id='word_1_230' title='bbox 1619 4010 1732 4073; x_wconf 90' lang='lat' dir='ltr'><strong>dicata</strong></span> <span class='ocrx_word' id='word_1_231' title='bbox 1742 4030 1837 4073; x_wconf 89' lang='lat' dir='ltr'><strong>sanc·</strong></span> 
     </span>
     <span class='ocr_line' id='line_1_39' title="bbox 1164 4095 1838 4179; baseline 0.001 -19"><span class='ocrx_word' id='word_1_232' title='bbox 1164 4095 1312 4160; x_wconf 87' lang='lat' dir='ltr'><strong>&#39;tiiicent</strong></span> <span class='ocrx_word' id='word_1_233' title='bbox 1322 4145 1329 4158; x_wconf 89' lang='grc'><strong>.</strong></span> <span class='ocrx_word' id='word_1_234' title='bbox 1340 4104 1377 4159; x_wconf 93' lang='lat' dir='ltr'><strong>ut</strong></span> <span class='ocrx_word' id='word_1_235' title='bbox 1392 4095 1483 4179; x_wconf 91' lang='lat' dir='ltr'><strong>quod</strong></span> <span class='ocrx_word' id='word_1_236' title='bbox 1499 4096 1713 4161; x_wconf 89' lang='lat' dir='ltr'><strong>obseruantia</strong></span> <span class='ocrx_word' id='word_1_237' title='bbox 1724 4106 1838 4161; x_wconf 86' lang='lat' dir='ltr'><strong>nostra</strong></span> 
     </span>
     <span class='ocr_line' id='line_1_40' title="bbox 1185 4182 1837 4267; baseline 0.003 -21"><span class='ocrx_word' id='word_1_238' title='bbox 1185 4182 1360 4266; x_wconf 84' lang='lat' dir='ltr'><strong>profitetur</strong></span> <span class='ocrx_word' id='word_1_239' title='bbox 1377 4185 1526 4247; x_wconf 86' lang='lat' dir='ltr'><strong>exterius</strong></span> <span class='ocrx_word' id='word_1_240' title='bbox 1542 4233 1549 4247; x_wconf 94' lang='lat'><strong>.</strong></span> <span class='ocrx_word' id='word_1_241' title='bbox 1565 4182 1702 4248; x_wconf 89' lang='lat' dir='ltr'><strong>interius</strong></span> <span class='ocrx_word' id='word_1_242' title='bbox 1722 4205 1837 4267; x_wconf 89' lang='lat' dir='ltr'><strong>opere-</strong></span> 
     </span>
     <span class='ocr_line' id='line_1_41' title="bbox 680 4270 1498 4353; baseline 0 -17"><span class='ocrx_word' id='word_1_243' title='bbox 680 4276 931 4336; x_wconf 64' lang='grc' dir='ltr'>ΡΕΗΙΑΛΙΙΙ.</span> <span class='ocrx_word' id='word_1_244' title='bbox 1185 4270 1498 4353; x_wconf 67' lang='lat' dir='ltr'><strong>tureffectusper.</strong></span> 
     </span>
    </p>
   </div>
   <div class='ocr_carea' id='block_1_16' title="bbox 611 4399 996 4576">
    <p class='ocr_par' dir='ltr' id='par_1_20' title="bbox 611 4399 996 4576">
     <span class='ocr_line' id='line_1_42' title="bbox 611 4399 996 4476; baseline 0.003 -15"><span class='ocrx_word' id='word_1_245' title='bbox 611 4399 640 4455; x_wconf 80' lang='grc' dir='ltr'><strong>Ᾰ.</strong></span> <span class='ocrx_word' id='word_1_246' title='bbox 680 4406 727 4461; x_wconf 90' lang='lat' dir='ltr'><strong>Ne</strong></span> <span class='ocrx_word' id='word_1_247' title='bbox 744 4405 924 4476; x_wconf 84' lang='lat' dir='ltr'><strong>derelinquas</strong></span> <span class='ocrx_word' id='word_1_248' title='bbox 942 4422 996 4462; x_wconf 82' lang='lat' dir='ltr'><strong>me</strong></span> 
     </span>
     <span class='ocr_line' id='line_1_43' title="bbox 732 4528 870 4576; baseline 0.007 -1"><span class='ocrx_word' id='word_1_249' title='bbox 732 4528 870 4576; x_wconf 70' lang='grc' dir='ltr'>ΟΒΑΤΙΟ.</span> 
     </span>
    </p>
   </div>
   <div class='ocr_carea' id='block_1_17' title="bbox 540 4649 1836 4808">
    <p class='ocr_par' dir='ltr' id='par_1_21' title="bbox 540 4649 1836 4808">
     <span class='ocr_line' id='line_1_44' title="bbox 540 4649 1135 4702; baseline 0.003 -2"><span class='ocrx_word' id='word_1_250' title='bbox 540 4649 699 4701; x_wconf 87' lang='lat' dir='ltr'><strong>OPULUM</strong></span> <span class='ocrx_word' id='word_1_251' title='bbox 726 4650 837 4702; x_wconf 85' lang='lat' dir='ltr'><strong>TUUM</strong></span> <span class='ocrx_word' id='word_1_252' title='bbox 868 4651 1021 4701; x_wconf 83' lang='lat' dir='ltr'><strong>DOMINE</strong></span> <span class='ocrx_word' id='word_1_253' title='bbox 1049 4653 1135 4702; x_wconf 89' lang='lat' dir='ltr'><strong>PRO·</strong></span> 
     </span>
     <span class='ocr_line' id='line_1_45' title="bbox 565 4725 1836 4808; baseline 0.012 -24"><span class='ocrx_word' id='word_1_254' title='bbox 565 4736 687 4788; x_wconf 68' lang='lat' dir='ltr'><strong>iliius</strong></span> <span class='ocrx_word' id='word_1_255' title='bbox 720 4737 872 4788; x_wconf 74' lang='lat' dir='ltr'><strong>REsi‘icE</strong></span> <span class='ocrx_word' id='word_1_256' title='bbox 888 4773 895 4789; x_wconf 89' lang='lat'><strong>.</strong></span> <span class='ocrx_word' id='word_1_257' title='bbox 910 4733 944 4789; x_wconf 91' lang='lat' dir='ltr'><strong>et</strong></span> <span class='ocrx_word' id='word_1_258' title='bbox 973 4745 1059 4808; x_wconf 90' lang='lat' dir='ltr'><strong>quos</strong></span> <span class='ocrx_word' id='word_1_259' title='bbox 1090 4725 1134 4790; x_wconf 93' lang='lat' dir='ltr'><strong>ab</strong></span> <span class='ocrx_word' id='word_1_260' title='bbox 1185 4753 1298 4797; x_wconf 89' lang='lat' dir='ltr'><strong>sacrae</strong></span> <span class='ocrx_word' id='word_1_261' title='bbox 1314 4753 1375 4797; x_wconf 90' lang='lat' dir='ltr'><strong>nos</strong></span> <span class='ocrx_word' id='word_1_262' title='bbox 1393 4734 1526 4798; x_wconf 91' lang='lat' dir='ltr'><strong>deditos</strong></span> <span class='ocrx_word' id='word_1_263' title='bbox 1547 4734 1647 4798; x_wconf 82' lang='lat' dir='ltr'><strong>iaciat</strong></span> <span class='ocrx_word' id='word_1_264' title='bbox 1662 4736 1836 4801; x_wconf 89' lang='lat' dir='ltr'><strong>seruituti.</strong></span> 
     </span>
    </p>
   </div>
   <div class='ocr_carea' id='block_1_18' title="bbox 1361 4452 1657 4499">
    <p class='ocr_par' dir='ltr' id='par_1_22' title="bbox 1361 4452 1657 4499">
     <span class='ocr_line' id='line_1_46' title="bbox 1361 4452 1657 4499; baseline -0.007 0"><span class='ocrx_word' id='word_1_265' title='bbox 1361 4452 1657 4499; x_wconf 73' lang='grc' dir='ltr'>ΡΟΒΤΟΟΜΜΗΝΙΟ.</span> 
     </span>
    </p>
   </div>
   <div class='ocr_carea' id='block_1_19' title="bbox 1185 4533 1838 4731">
    <p class='ocr_par' dir='ltr' id='par_1_23' title="bbox 1185 4533 1838 4731">
     <span class='ocr_line' id='line_1_47' title="bbox 1185 4533 1838 4694; baseline 0.008 -73"><span class='ocrx_word' id='word_1_266' title='bbox 1185 4533 1337 4694; x_wconf 76' lang='lat' dir='ltr'><strong>Gratia</strong></span> <span class='ocrx_word' id='word_1_267' title='bbox 1347 4568 1406 4622; x_wconf 91' lang='lat' dir='ltr'><strong>tua</strong></span> <span class='ocrx_word' id='word_1_268' title='bbox 1418 4579 1479 4622; x_wconf 90' lang='lat' dir='ltr'><strong>nos</strong></span> <span class='ocrx_word' id='word_1_269' title='bbox 1485 4579 1693 4660; x_wconf 39' lang='lat' dir='ltr'><strong>&#39;quaesumus</strong></span> <span class='ocrx_word' id='word_1_270' title='bbox 1701 4562 1838 4627; x_wconf 92' lang='lat' dir='ltr'><strong>domine</strong></span> 
     </span>
     <span class='ocr_line' id='line_1_48' title="bbox 1275 4645 1837 4731; baseline 0.007 -21"><span class='ocrx_word' id='word_1_271' title='bbox 1275 4666 1341 4710; x_wconf 92' lang='lat' dir='ltr'><strong>non</strong></span> <span class='ocrx_word' id='word_1_272' title='bbox 1390 4645 1600 4730; x_wconf 78' lang='lat' dir='ltr'><strong>derelinquat</strong></span> <span class='ocrx_word' id='word_1_273' title='bbox 1629 4697 1636 4712; x_wconf 94' lang='lat'><strong>.</strong></span> <span class='ocrx_word' id='word_1_274' title='bbox 1666 4668 1754 4731; x_wconf 90' lang='lat' dir='ltr'><strong>quae</strong></span> <span class='ocrx_word' id='word_1_275' title='bbox 1803 4660 1837 4715; x_wconf 88' lang='lat' dir='ltr'><strong>et</strong></span> 
     </span>
    </p>
   </div>
   <div class='ocr_carea' id='block_1_20' title="bbox 480 4809 1838 4906">
    <p class='ocr_par' dir='ltr' id='par_1_24' title="bbox 480 4809 1838 4906">
     <span class='ocr_line' id='line_1_49' title="bbox 480 4809 1838 4906; baseline 0.012 -33"><span class='ocrx_word' id='word_1_276' title='bbox 480 4809 587 4873; x_wconf 87' lang='lat' dir='ltr'><strong>aescis</strong></span> <span class='ocrx_word' id='word_1_277' title='bbox 623 4811 813 4875; x_wconf 88' lang='lat' dir='ltr'><strong>carnalibus</strong></span> <span class='ocrx_word' id='word_1_278' title='bbox 854 4812 1018 4895; x_wconf 93' lang='lat' dir='ltr'><strong>praecipis</strong></span> <span class='ocrx_word' id='word_1_279' title='bbox 1057 4813 1134 4875; x_wconf 89' lang='lat' dir='ltr'><strong>abs·</strong></span> <span class='ocrx_word' id='word_1_280' title='bbox 1184 4829 1219 4884; x_wconf 83' lang='lat' dir='ltr'><strong>et</strong></span> <span class='ocrx_word' id='word_1_281' title='bbox 1231 4830 1309 4884; x_wconf 86' lang='lat' dir='ltr'><strong>tuae</strong></span> <span class='ocrx_word' id='word_1_282' title='bbox 1322 4821 1527 4905; x_wconf 90' lang='lat' dir='ltr'><strong>nobisopem</strong></span> <span class='ocrx_word' id='word_1_283' title='bbox 1540 4843 1672 4906; x_wconf 89' lang='lat' dir='ltr'><strong>semper</strong></span> <span class='ocrx_word' id='word_1_284' title='bbox 1682 4823 1838 4906; x_wconf 88' lang='lat' dir='ltr'><strong>adquirat</strong></span> 
     </span>
    </p>
   </div>
   <div class='ocr_carea' id='block_1_21' title="bbox 481 4897 1839 5078">
    <p class='ocr_par' dir='ltr' id='par_1_25' title="bbox 481 4897 1839 5078">
     <span class='ocr_line' id='line_1_50' title="bbox 481 4897 1839 4989; baseline 0.01 -29"><span class='ocrx_word' id='word_1_285' title='bbox 481 4897 587 4960; x_wconf 91' lang='lat' dir='ltr'><strong>tinere</strong></span> <span class='ocrx_word' id='word_1_286' title='bbox 616 4945 623 4960; x_wconf 94' lang='lat'><strong>.</strong></span> <span class='ocrx_word' id='word_1_287' title='bbox 654 4917 675 4961; x_wconf 92' lang='lat' dir='ltr'><strong>a</strong></span> <span class='ocrx_word' id='word_1_288' title='bbox 718 4898 830 4961; x_wconf 84' lang='lat' dir='ltr'><strong>noxiis</strong></span> <span class='ocrx_word' id='word_1_289' title='bbox 869 4918 1003 4981; x_wconf 90' lang='lat' dir='ltr'><strong>quoque</strong></span> <span class='ocrx_word' id='word_1_290' title='bbox 1044 4899 1134 4964; x_wconf 89' lang='lat' dir='ltr'><strong>uitiis</strong></span> <span class='ocrx_word' id='word_1_291' title='bbox 1186 4907 1371 4989; x_wconf 88' lang='lat' dir='ltr'><strong>largitatis.</strong></span> <span class='ocrx_word' id='word_1_292' title='bbox 1387 4919 1421 4972; x_wconf 92' lang='lat' dir='ltr'><strong>et</strong></span> <span class='ocrx_word' id='word_1_293' title='bbox 1450 4910 1495 4971; x_wconf 90' lang='lat' dir='ltr'><strong>ab</strong></span> <span class='ocrx_word' id='word_1_294' title='bbox 1520 4910 1677 4972; x_wconf 89' lang='lat' dir='ltr'><strong>omnibus</strong></span> <span class='ocrx_word' id='word_1_295' title='bbox 1706 4920 1839 4975; x_wconf 88' lang='lat' dir='ltr'><strong>tueatur</strong></span> 
     </span>
     <span class='ocr_line' id='line_1_51' title="bbox 481 4985 1438 5078; baseline 0.013 -33"><span class='ocrx_word' id='word_1_296' title='bbox 481 5003 611 5046; x_wconf 88' lang='lat' dir='ltr'><strong>cessare</strong></span> <span class='ocrx_word' id='word_1_297' title='bbox 633 4985 803 5048; x_wconf 90' lang='lat' dir='ltr'><strong>concede.</strong></span> <span class='ocrx_word' id='word_1_298' title='bbox 819 5005 886 5066; x_wconf 89' lang='lat' dir='ltr'><strong>per.</strong></span> <span class='ocrx_word' id='word_1_299' title='bbox 1184 4995 1356 5060; x_wconf 87' lang='lat' dir='ltr'><strong>aduersis.</strong></span> <span class='ocrx_word' id='word_1_300' title='bbox 1372 5015 1438 5078; x_wconf 93' lang='lat' dir='ltr'><strong>per.</strong></span> 
     </span>
    </p>
   </div>
   <div class='ocr_carea' id='block_1_22' title="bbox 749 5127 1578 5195">
    <p class='ocr_par' dir='ltr' id='par_1_26' title="bbox 749 5127 1578 5195">
     <span class='ocr_line' id='line_1_52' title="bbox 749 5127 1578 5195; baseline 0.006 -18"><span class='ocrx_word' id='word_1_301' title='bbox 749 5127 814 5186; x_wconf 79' lang='lat' dir='ltr'><strong>lifol.</strong></span> <span class='ocrx_word' id='word_1_302' title='bbox 827 5143 866 5192; x_wconf 75' lang='lat'><strong>²5·</strong></span> <span class='ocrx_word' id='word_1_303' title='bbox 1439 5130 1444 5195; x_wconf 90' lang='grc' dir='ltr'>Ι</span> <span class='ocrx_word' id='word_1_304' title='bbox 1456 5131 1500 5180; x_wconf 88' lang='lat' dir='ltr'><strong>iol.</strong></span> <span class='ocrx_word' id='word_1_305' title='bbox 1513 5147 1544 5193; x_wconf 74' lang='lat'><strong>25</strong></span> <span class='ocrx_word' id='word_1_306' title='bbox 1553 5148 1578 5182; x_wconf 82' lang='lat' dir='ltr'><strong>v.</strong></span> 
     </span>
    </p>
   </div>
   <div class='ocr_carea' id='block_1_23' title="bbox 0 0 2070 6275">
    <p class='ocr_par' dir='ltr' id='par_1_27' title="bbox 0 0 2070 6275">
     <span class='ocr_line' id='line_1_53' title="bbox 0 0 2070 6275; baseline 0 0"><span class='ocrx_word' id='word_1_307' title='bbox 0 0 2070 6275; x_wconf 95' lang='lat' dir='ltr'><strong> </strong></span> 
     </span>
    </p>
   </div>
  </div>
 </body>
</html>
