4109 6275
481 761 542 824 106

498 948 814 1010 SANOTORUM
853 948 1106 1009 ΤΙΜΟΤΗΕΙ

584 1032 643 1091 ΕΤ
675 1030 1027 1092 ΘΙΜΡΗΟΒΙΑΝΙ.

733 1158 873 1210 ΟΗΑΤΙΟ.

539 1260 706 1313 UXILIUM
726 1260 838 1312 TUUM
855 1259 966 1311 NOBIS
983 1258 1135 1346 DOMlNE

576 1347 805 1411 QUAESUMUS
855 1342 1027 1398 PLACAtus
1073 1353 1134 1395 rm·

480 1422 591 1505 pende
614 1470 620 1484 .
644 1431 679 1486 et
714 1421 997 1486 intercedentibus
1027 1420 1135 1484 beatis

480 1509 682 1591 martyribus
703 1509 769 1573 tuis
790 1508 972 1572 Timotheo
992 1518 1026 1571 et
1046 1506 1134 1572 Sim·
1210 1565 1216 1576 ,

480 1596 643 1678 phoriano
655 1646 661 1657 .
673 1597 849 1660 dexteram
865 1615 965 1678 super
980 1615 1042 1658 nos
1057 1603 1135 1658 tuae

480 1683 725 1766 propitiationis
741 1683 888 1747 extende
907 1706 914 1746 :
929 1702 996 1765 per.

726 1835 891 1885 SECRETA.

483 1931 657 2057 Accepta
680 1924 740 1988 tibi
761 1926 806 1989 sit
826 1925 963 1989 domine
984 1935 1135 1990 sacratae

575 2011 683 2094 plebis
725 2012 852 2077 oblatio
896 2033 957 2096 pro
1001 2022 1134 2077 tuorum

480 2099 607 2163 honore
639 2109 832 2163 sanctorum
864 2151 870 2162 .
902 2119 1044 2183 quorum
1083 2101 1136 2181 lse

481 2186 608 2250 meritis
650 2187 838 2270 percepisse
874 2195 1057 2271 cognoscat
1093 2189 1136 2251 de

480 2272 695 2337 tribulatione
710 2274 874 2338 auxilium
892 2324 899 2339 .
914 2295 981 2358 per.

658 2423 955 2473 postcommunio

487 2507 636 2638 Diuini
658 2508 803 2571 muneris
825 2506 979 2590 largitate
1000 2506 1136 2571 satiati.

577 2614 778 2677 quaesumus
799 2595 935 2658 domine
957 2594 1041 2658 deus
1061 2613 1136 2657 nos·

481 2689 553 2745 ter.
570 2691 608 2745 ut
629 2681 908 2746 intercedentibus
928 2682 1053 2745 sanctis
1071 2681 1137 2744 tuis

482 2768 663 2832 Timotheo
686 2781 721 2832 et
744 2768 982 2851 Simphoriano
997 2818 1004 2832 .
1021 2788 1136 2832 eorum

481 2875 615 2939 semper
651 2855 906 2939 participatione
943 2855 1097 2919 uiuamus
1130 2878 1138 2919 ε
1203 2932 1208 2943 ¹

482 2962 550 3026 per.

522 3114 701 3176 snuctl
737 3110 1098 3174 ssnntuotolnet

679 3194 938 3257 hPOSTOLl.

737 3306 875 3355 Olih'l'lO.

558 3410 756 3462 MNIPOTEN
760 3411 778 3462 S
898 3412 1138 3466 SEMPI'I’ERNE

579 3497 678 3549 usus
696 3508 703 3548 ε
719 3497 787 3562 Qu1
811 3498 931 3551 umus
950 3487 1017 3551 diei
1040 3507 1137 3551 uene-

484 3571 623 3635 randam
634 3570 1038 3655 sanctamque¹laetitiam
1048 3574 1138 3638 beati

484 3657 626 3740 apostoli
648 3658 695 3721 tui
718 3673 990 3725 BARTHOLOMEI
1012 3660 1138 3725 iestiui·

483 3753 554 3808 tate
584 3744 727 3809 tribuisti
751 3747 823 3811 .da
852 3747 1031 3813 aecclesiae
1061 3757 1139 3812 tuae

484 3851 688 3915 quaesumus
703 3842 737 3897 et
751 3853 865 3898 amare
876 3836 966 3919 quod
979 3835 1137 3900 credidit.

484 3929 518 3984 et
533 3920 725 4002 praedicare
739 3922 829 4003 quod
847 3921 960 3985 docuit
979 3947 986 3985 :
1001 3943 1068 4006 per.

729 4058 894 4109 secum.

489 4146 614 4274 Beati
630 4146 774 4230 apostoli
794 4148 841 4212 tui
865 4161 1137 4213 snnruocoum

571 4233 722 4298 solennia
750 4244 958 4299 recensentes
974 4282 982 4296 .
998 4256 1139 4318 quaesu-

485 4342 558 4386 mus
589 4321 725 4385 domine
755 4331 791 4386 ut
821 4321 949 4387 auxilio
979 4323 1050 4386 eius
1080 4331 1139 4387 tua

743 4454 753 4506 11
764 4448 807 4499 fol.
824 4464 879 4513 113.

757 772 988 825 SANCTORUM
1012 771 1202 824 TIMOTHEI
1226 772 1273 822 ET
1297 770 1560 822 SIMPHORIANI.

1185 946 1346 1012 beneficia
1376 948 1549 1030 capiamus
1567 997 1573 1010 .
1589 967 1651 1030 pro
1680 967 1748 1029 quo
1779 947 1837 1012 tibi

1185 1034 1311 1099 hostias
1327 1034 1436 1099 laudis
1451 1032 1621 1098 offerimus
1636 1083 1643 1100 .
1660 1055 1727 1118 per.

1362 1200 1660 1250 ΡΟὸΤΟΟΜΜϋΝΙΟ.

1262 1302 1353 1367 otiua
1382 1302 1511 1367 domiue
1535 1303 1570 1365 in
1597 1300 1685 1365 beati
1707 1302 1841 1384 apostoli

1275 1390 1328 1454 tui
1340 1389 1549 1454 bartholomei
1555 1388 1702 1472 gloriosa
1716 1388 1839 1453 celebri·

1185 1486 1252 1541 tate
1265 1477 1350 1541 dona
1358 1477 1557 1560 percepimus
1571 1526 1578 1540 .
1594 1496 1790 1558 quaesumus
1804 1485 1841 1539 ut

1184 1584 1254 1627 ems
1268 1564 1416 1647 precibus
1433 1573 1466 1628 et
1479 1562 1641 1646 presentis
1659 1563 1752 1627 nobis
1777 1563 1841 1627 uite

1177 1651 1362 1732 presidium
1377 1702 1383 1716 .
1399 1661 1431 1715 ct
1443 1661 1546 1715 eterne
1559 1649 1687 1715 tribuas
1700 1651 1841 1733 conferri

1184 1737 1324 1803 leti'cr'am
1340 1760 1350 1803 :
1357 1744 1438 1822 per'.

1219 1919 1297 1983 lue
1330 1922 1530 1983 ΒΑΝΟΤΟ
1560 1921 1802 1983 hunul-:uo

1374 2004 1659 2066 ΡΟΝΤΙΡΙΟΕ.

1442 2135 1581 2185 ΟΗΑΤΙΟ.

1261 2244 1332 2297 EUS
1349 2244 1416 2309 QUI
1438 2245 1647 2296 PERENNEM
1668 2244 1840 2296 GLORIAM

1284 2330 1521 2383 SANCT1881M1
1559 2319 1760 2383 confessoris
1793 2320 1839 2382 tui

1186 2416 1288 2491 atque
1314 2406 1482 2491 pontificis
1508 2419 1683 2471 AUDOENI
1710 2405 1840 2470 animae

1187 2494 1355 2559 contulisti
1374 2493 1507 2558 :tribue
1539 2514 1743 2576 quaesumus
1772 2495 1840 2557 eius

1188 2603 1248 2646 nos
1278 2581 1368 2665 apud
1400 2590 1433 2644 te
1463 2582 1510 2645 ita
1540 2582 1735 2664 patrociniis
1765 2580 1839 2645 sub

1188 2670 1294 2733 limari
1310 2717 1318 2733 .
1334 2677 1371 2732 ut
1392 2688 1468 2732 cum
1489 2688 1530 2732 eo
1551 2668 1655 2732 uitam
1672 2668 1839 2752 possidea-

1188 2777 1262 2821 mus
1277 2765 1446 2820 aeternam
1466 2779 1473 2819 ε
1488 2776 1548 2840 per
1561 2756 1746 2821 dominum.

1433 2918 1598 2967 secuere.

1190 3019 1355 3151 Oblata
1381 3038 1585 3102 quaesumus
1609 3019 1748 3083 domine
1772 3039 1840 3083 mu·

1284 3126 1364 3171 nera
1408 3104 1514 3171 fidelis
1556 3105 1672 3190 populi
1717 3106 1841 3171 meritis

1188 3195 1371 3260 beatissimi
1390 3194 1521 3277 patroni
1543 3195 1647 3258 nostri
1667 3208 1841 3260 AUDOENI

1187 3283 1247 3347 tibi
1265 3283 1447 3346 reddantur
1461 3293 1623 3365 accepta.
1640 3290 1676 3345 ut
1692 3282 1736 3346 ab
1751 3283 1840 3346 omni

1189 3371 1389 3452 contagione
1405 3369 1532 3451 peccati
1548 3418 1555 3431 .
1571 3368 1701 3434 hisdem
1723 3369 1840 3452 quibus

1189 3456 1390 3521 famulamur
1427 3457 1594 3539 mysteriis
1623 3456 1842 3534 ,clementer

1188 3545 1362 3608 emundari
1380 3563 1588 3607 mereamur:
1604 3564 1670 3626 per.

1366 3701 1665 3752 postcommunio,

1195 3797 1376 3924 Mensae
1417 3797 1549 3862 celestis
1589 3797 1842 3881 participatione

1298 3886 1444 3968 uegetati
1459 3883 1627 3969 supplices
1639 3894 1672 3948 te
1689 3905 1842 3968 rogamus

1189 3973 1403 4056 omnipotens
1418 3972 1500 4035 deus
1519 3996 1527 4036 ε
1543 3982 1580 4036 ut
1595 3973 1680 4036 sicut
1696 3973 1739 4037 de
1755 3971 1842 4037 beati

1189 4073 1362 4126 AUDOENI
1401 4068 1562 4142 perpetua
1603 4058 1842 4141 glorificatione

1190 4167 1302 4211 annua
1328 4146 1542 4211 caelebritate
1572 4148 1759 4229 gaudemus
1775 4198 1782 4211 .
1798 4149 1843 4210 ita

1189 4234 1294 4317 ipsius
1305 4234 1394 4317 apud
1408 4243 1441 4298 te
1454 4235 1689 4298 intercessione
1699 4234 1743 4298 ab
1752 4236 1843 4298 omni

1191 4341 1378 4385 mereamur
1392 4321 1596 4385 aduersitate
1610 4319 1748 4385 defendi
1762 4343 1843 4405 :pen

1441 4450 1501 4518 liol.
1519 4466 1595 4515 rr3u.

534 4588 544 4622 ¹
561 4589 658 4640 Acceut
669 4591 696 4641 in
709 4589 767 4641 ΜΒ.
778 4607 839 4641 over
849 4592 941 4642 second
954 4591 1061 4657 syllable
1071 4592 1100 4642 ol
1110 4593 1305 4658 ‘sanctamque’

535 4653 546 4685 2
561 4655 624 4705 This
639 4656 866 4714 Postcommunion,
878 4658 977 4708 written
989 4658 1023 4723 by
1033 4674 1049 4708 a
1060 4657 1193 4722 decidedly
1205 4659 1268 4707 later
1283 4658 1360 4715 hand,
1372 4657 1485 4723 replaces
1500 4672 1548 4707 one
1558 4657 1589 4707 oi
1601 4656 1684 4707 which
1695 4657 1731 4707 all
1743 4658 1797 4708 that
1809 4675 1845 4709 we

485 4735 532 4770 can
550 4736 606 4769 now
624 4736 665 4772 see
682 4721 703 4770 is
721 4721 762 4771 the
780 4732 908 4772 remanent
925 4723 991 4774 stain
1010 4723 1040 4772 ol
1058 4740 1091 4773 sn
1115 4723 1195 4774 initiel
1218 4723 1236 4775 S
1258 4723 1285 4772 in
1336 4739 1391 4774 een.
1426 4723 1439 4772 Ι
1462 4723 1528 4773 heve
1549 4722 1611 4773 with
1632 4731 1703 4788 great
1726 4723 1845 4788 dillicrrlty

485 4785 636 4850 deciphered
659 4786 701 4836 the
724 4785 854 4850 following
874 4795 934 4837 note
957 4787 982 4836 in
1003 4788 1046 4838 the
1065 4799 1136 4839 outer
1154 4789 1259 4854 margin.

1331 4789 1406 4838 ritten
1426 4787 1452 4838 in
1472 4796 1524 4838 two
1543 4788 1607 4838 lines
1623 4787 1656 4852 by
1674 4788 1717 4839 the
1733 4789 1745 4838 i
1788 4798 1844 4840 uent

485 4859 619 4900 annotator
635 4851 665 4899 ol
683 4850 725 4900 the
743 4852 874 4916 Proprium
892 4852 1051 4911 Sanctorum,
1068 4854 1088 4904 it
1105 4871 1157 4905 wes
1173 4855 1260 4906 erased
1276 4854 1319 4919 by,
1338 4863 1382 4905 not
1402 4853 1569 4931 improbably,
1589 4852 1633 4903 the
1652 4854 1737 4904 writer
1756 4871 1773 4904 o
1804 4855 1845 4905 the

486 4917 578 4965 second
591 4926 641 4965 text
653 4915 737 4966 :-⁴Si
748 4916 830 4981 placet
842 4917 923 4968 scribe
934 4920 1193 4983 postcommunionem
1208 4922 1241 4971 de
1256 4920 1383 4970 communi
1394 4935 1454 4985 quta
1468 4935 1519 4969 non
1533 4929 1570 4969 est
1581 4920 1662 4968 oratio
1673 4918 1770 4984 plena!
1802 4921 1845 4984 lly

485 4981 541 5030 best
556 4980 803 5044 aclrnowledgrneuts
814 4997 856 5031 ere
867 4982 916 5032 due
927 4992 954 5033 to
966 4983 1008 5034 the
1021 4985 1083 5035 Rev.
1100 4986 1129 5035 Ε.
1145 4988 1176 5036 G.
1191 4986 1284 5042 Wood,
1299 4985 1374 5034 Vicar
1389 4984 1419 5034 ol
1433 4985 1463 5036 St
1475 4984 1620 5044 Clement‘s,
1634 4983 1797 5049 Cambridge,
1810 4985 1846 5035 lor

486 5045 547 5094 time
563 5046 613 5094 end
631 5044 691 5110 help
707 5054 771 5095 most
788 5048 936 5113 generously
952 5050 1027 5114 given
1045 5059 1072 5100 to
1088 5051 1131 5101 the
1148 5051 1203 5100 rask
1220 5049 1250 5099 ol
1263 5050 1366 5115 reading
1384 5049 1427 5099 the
1443 5050 1478 5099 cll
1491 5050 1536 5099 but
1551 5048 1663 5113 illegible
1678 5050 1740 5099 relic
1755 5050 1785 5099 ol
1798 5050 1845 5100 this

486 5108 611 5173 pencilled
628 5111 825 5161 memorandum.
