4109 6275
274 1533 285 1602 ll
293 1533 487 1670 Suscipere
511 1533 658 1615 digneris
682 1535 927 1599 consessionem

368 1639 476 1683 meam
507 1631 624 1684 sancta
653 1635 833 1686 TR1N1TAS
868 1624 927 1686 do-

274 1706 362 1768 mine
385 1707 467 1769 deus
489 1707 704 1791 omnipotens
727 1710 825 1773 unica
848 1730 927 1774 uera

272 1802 306 1856 et
336 1794 538 1876 sempiterna
564 1817 641 1878 spes
666 1797 784 1860 salutis
815 1818 926 1863 meae.

272 1901 373 1963 quam
389 1901 454 1964 ego
469 1893 626 1964 peccator
640 1882 777 1948 effundo
793 1885 826 1947 in
847 1905 926 1948 con-

272 1978 388 2050 spectu
426 1970 561 2051 pietatis
603 1979 689 2036 tuae.
755 1970 927 2037 Confiteor

271 2057 351 2138 quia
366 2057 501 2138 peccaui
517 2059 549 2120 in
566 2057 653 2140 gula
700 2059 740 2122 ln
755 2059 924 2125 ebrietate.

275 2142 313 2205 In
345 2142 490 2208 libidine.
536 2146 576 2208 ln
607 2145 747 2230 luxuria.
795 2147 834 2210 In
865 2147 926 2209 im-

273 2231 445 2295 munditia.
493 2231 532 2294 In
548 2232 692 2296 tristitia.
735 2232 774 2296 ln
790 2235 925 2299 accidia

273 2318 312 2380 ln
326 2319 556 2383 somnolentia
595 2320 635 2384 In
648 2321 703 2384 ira
743 2322 783 2385 ln
799 2322 926 2405 cupidi·

272 2414 349 2469 tate.
398 2407 436 2469 ln
457 2407 591 2471 inuidia.
638 2408 678 2470 ln
703 2407 839 2492 malitia.
885 2409 924 2473 In

271 2493 358 2557 odio.
419 2494 459 2557 In
490 2495 704 2558 detractione.
764 2496 801 2558 ln
833 2516 925 2559 men·

272 2580 378 2643 dacio.
417 2579 456 2644 ln
469 2582 621 2663 periurio.
658 2581 698 2645 ln
711 2602 800 2646 uana
810 2584 925 2667 gloria.

274 2667 313 2731 ln
341 2667 478 2732 leuitate
504 2689 543 2732 ac
570 2669 734 2751 superbia.
779 2670 819 2734 In
847 2691 924 2734 con·

271 2755 484 2837 cupiscentia.
525 2756 563 2819 In
581 2756 729 2820 auaritia
764 2758 803 2821 In
820 2758 925 2841 negli-

270 2843 393 2925 gentia
444 2843 483 2906 In
515 2844 717 2926 cogitatione
748 2844 861 2927 iniqua
891 2855 925 2910 et

271 2931 453 2994 immunda
500 2931 539 2993 In
567 2929 734 2995 locutione
760 2952 865 3014 praua
890 2942 925 2997 et

272 3038 367 3080 uana.
414 3018 454 3081 In
470 3019 665 3100 operatione
681 3039 844 3102 peruersa.
885 3020 924 3083 In

271 3103 488 3169 fornicatione
503 3115 537 3170 et
552 3106 587 3170 in
603 3106 787 3189 pollutione
803 3108 925 3172 mentis

270 3202 306 3256 et
320 3194 476 3276 corporis.
513 3193 552 3257 ln
565 3193 788 3258 delectatione
800 3204 834 3258 et
845 3216 924 3259 con·

271 3300 369 3344 sensu
386 3282 501 3363 iniquo
516 3290 551 3344 et
566 3281 709 3346 iniusto.
722 3290 756 3345 et
772 3282 804 3345 in
817 3283 924 3346 omni·

271 3367 333 3431 bus
364 3368 452 3431 uitiis
479 3376 514 3432 et
540 3368 771 3452 iniquitatibus
797 3390 836 3433 ac
863 3369 924 3434 im-

272 3457 444 3520 munditiis
466 3477 539 3518 reus
560 3455 608 3538 let
627 3455 801 3538 culpabilis
818 3456 924 3521 sactus

270 3563 343 3605 sum
360 3542 436 3624 plus
451 3563 553 3624 quam
569 3545 693 3626 possim
706 3545 807 3607 corde
818 3545 924 3626 cogit·

267 3649 325 3693 are
341 3630 395 3693 uel
413 3650 470 3693 ore
488 3630 619 3694 dicere.
637 3630 690 3694 uel
712 3631 924 3694 estimatione

270 3738 432 3800 pensare.
449 3717 508 3781 sed
530 3727 566 3781 tu
589 3730 688 3782 DEUS
708 3719 764 3801 qui
787 3738 854 3781 non
872 3719 924 3781 uis

271 3816 413 3868 mortem
437 3805 622 3886 peccatoris
644 3804 703 3868 sed
727 3814 765 3868 ut
786 3826 923 3868 conuer-

270 3901 360 3956 tatur
377 3892 421 3956 ad
441 3901 475 3955 te
496 3901 530 3955 et
553 3893 669 3956 uiuat.
685 3892 741 3975 qui
766 3890 923 3956 iustificas

270 3980 391 4061 impios
428 3989 462 4043 et
499 3977 649 4042 uiuificas
687 3990 835 4042 mortuos
856 4027 866 4045 .
885 3989 922 4044 tu

271 4066 412 4130 iustifica
434 4075 468 4129 et
491 4066 649 4129 resuscita
672 4086 726 4130 me
748 4086 809 4148 per
829 4075 923 4130 tuam

271 4173 427 4237 magnam
449 4153 708 4217 misericordiam
725 4202 732 4218 .
747 4162 782 4216 et
802 4154 924 4236 sempi-

270 4252 400 4305 temam
416 4241 567 4324 gratiam.
613 4253 729 4303 ΑΜΕΝ.

272 4328 458 4465 D[aus]¹
481 4337 842 4392 nrssmcouomn.et
863 4327 923 4391 im-

382 4436 518 4481 mensae
558 4416 707 4479 ueritatis
745 4424 925 4479 aeternae.

269 4505 482 4568 clementiam
518 4513 611 4566 tuam
643 4500 837 4584 suppliciter
866 4503 924 4566 de·

269 4612 409 4674 precor.
426 4601 462 4655 ut
484 4590 564 4653 mihi
580 4590 762 4653 concedere
778 4589 925 4671 digneris

269 4700 330 4761 pro
346 4688 404 4742 tua
420 4676 581 4741 ineffabili
596 4675 776 4740 clementia
790 4677 923 4739 ueniam

270 4765 562 4830 innumerabilium
609 4783 759 4827 meorum
807 4782 924 4844 pecca-

269 4863 380 4917 torum
396 4901 403 4917 .
419 4852 540 4936 quibus
559 4871 623 4933 ego
645 4851 745 4913 miser
765 4850 925 4932 peccaui.

410 4996 419 5048 ΙΙ
431 4989 475 5040 fol.
488 5005 511 5038 α.
656 4985 661 5051 Ι
675 4987 719 5037 iol.
733 5003 780 5037 av.

976 1534 1098 1615 quibus
1114 1536 1266 1618 nequiter
1280 1536 1405 1600 offendi
1417 1588 1424 1601 .
1435 1559 1496 1620 pro
1511 1539 1632 1620 quibus

976 1621 1059 1684 iram
1076 1631 1169 1686 tuam
1191 1623 1339 1704 grauiter
1359 1625 1487 1688 merui.
1505 1626 1538 1687 in
1559 1626 1631 1708 qui·

976 1708 1039 1772 bus
1066 1729 1235 1774 mercum
1259 1721 1293 1774 et
1320 1711 1519 1794 culpabilem
1546 1712 1631 1776 ieci.

977 1796 1009 1859 in
1026 1797 1148 1878 quibus
1166 1798 1272 1861 uitam
1294 1819 1404 1862 meam
1427 1799 1579 1882 perdidi.
1597 1799 1629 1863 in

976 1884 1097 1966 quibus
1127 1885 1275 1947 animam
1307 1906 1417 1949 meam
1447 1896 1482 1950 et
1511 1907 1631 1970 corpus

976 1990 1089 2034 meum
1108 1981 1143 2035 et
1161 1992 1279 2035 omnes
1294 1993 1412 2037 sensus
1427 1973 1537 2056 {lineos
1552 1993 1631 2037 con·

976 2058 1147 2122 taminaui.
1193 2060 1383 2124 Misericors
1400 2070 1434 2124 et
1458 2061 1632 2125 miserator

976 2146 1112 2209 domine
1127 2147 1209 2210 deus
1226 2147 1380 2211 miserere
1397 2148 1462 2211 mei
1474 2149 1631 2231 quatinus

976 2242 1011 2296 te
1034 2233 1213 2297 miserante
1235 2235 1268 2298 in
1292 2233 1354 2299 hac
1378 2237 1447 2299 uita
1470 2245 1631 2319 purgatus

976 2329 1010 2383 et
1026 2319 1233 2385 illuminatus
1246 2370 1253 2384 .
1265 2322 1308 2385 ad
1324 2332 1480 2386 aeternae
1496 2322 1631 2386 saluati-

975 2407 1050 2470 onis
1073 2417 1151 2472 tuae
1173 2417 1208 2473 et
1230 2408 1473 2473 benedictionis
1497 2410 1630 2492 partici-

976 2495 1147 2576 pationem
1160 2496 1347 2578 pertingam
1361 2518 1420 2581 per
1431 2507 1523 2561 tuam
1537 2517 1629 2579 mag-

976 2601 1054 2646 nam
1072 2581 1330 2647 misericordiam
1347 2592 1381 2648 et
1392 2584 1629 2666 sempiternam

975 2669 1128 2752 gratiam.

1040 2755 1280 2821 lementissime
1317 2771 1414 2822 DEUS
1436 2807 1444 2823 .
1467 2759 1523 2842 qui
1561 2779 1628 2822 non

1077 2853 1218 2908 mortem
1242 2847 1300 2908 sed
1329 2846 1548 2927 penitentiam
1573 2846 1630 2910 de-

975 2930 1102 2995 sideras
1140 2942 1353 3014 peccatorum
1371 2981 1378 2997 .
1397 2952 1450 2997 me
1488 2933 1629 2996 miserri-

975 3037 1068 3082 mum
1099 3017 1415 3102 fragilissimumque
1444 3040 1484 3083 ac
1514 3041 1630 3102 pecca-

975 3114 1082 3169 torem
1106 3126 1173 3171 non
1197 3106 1338 3189 repellas
1361 3127 1381 3170 a
1404 3117 1462 3172 tua
1484 3108 1630 3190 pietate.

976 3213 1085 3276 neque
1108 3194 1250 3277 proicias
1275 3215 1328 3258 me
1351 3215 1371 3257 a
1395 3195 1478 3258 facie
1499 3205 1556 3260 tua
1572 3247 1579 3259 .
1595 3205 1630 3259 et

974 3301 995 3343 a
1036 3290 1096 3345 tuo
1132 3290 1250 3346 sancto
1287 3291 1468 3364 conspectu
1492 3332 1498 3345 .
1522 3303 1630 3366 neque

975 3368 1117 3450 aspicias
1133 3368 1175 3432 ad
1188 3369 1313 3433 scelera
1327 3389 1401 3433 mea
1413 3370 1627 3452 grauissima.

975 3463 1009 3518 et
1040 3455 1294 3520 innumerabilia
1310 3505 1317 3521 .
1332 3466 1366 3520 et
1400 3458 1630 3520 immunditias

974 3543 1151 3607 sordidas.
1170 3543 1446 3625 turpissimasque
1475 3546 1628 3626 cogitati-

974 3649 1056 3693 ones
1095 3649 1186 3693 meas
1220 3631 1342 3713 quibus
1375 3632 1531 3695 omnibus
1564 3651 1629 3713 ego

976 3718 1076 3780 miser
1096 3719 1233 3800 peccaui
1250 3766 1257 3781 .
1272 3718 1393 3799 quibus
1413 3719 1566 3800 nequiter
1580 3718 1627 3781 oi-

975 3802 1066 3867 fendi
1090 3854 1096 3868 .
1120 3805 1241 3886 quibus
1274 3805 1421 3868 animam
1454 3826 1563 3868 meam
1594 3815 1628 3868 et

974 3911 1095 3972 corpus
1132 3911 1244 3955 meum
1283 3900 1317 3954 et
1358 3911 1476 3955 omnes
1512 3913 1629 3956 sensus

976 3998 1069 4041 meos
1084 3978 1311 4042 contaminaui
1328 3979 1371 4042 ab
1386 3978 1526 4043 infantia
1542 3979 1629 4061 lmea

975 4085 1080 4147 usque
1111 4086 1199 4129 nunc
1232 4085 1344 4128 coram
1382 4074 1416 4129 te
1449 4075 1482 4129 et
1516 4087 1628 4130 coram

975 4151 1104 4234 angelis
1131 4153 1220 4216 tuis,
1237 4153 1295 4215 sed
1318 4160 1378 4216 tua
1405 4152 1630 4216 misericordia

975 4240 1124 4321 piissime
1166 4240 1250 4302 deus
1293 4259 1347 4302 me
1389 4239 1432 4303 ab
1473 4240 1629 4303 omnibus

975 4327 1123 4409 peccatis
1161 4327 1244 4390 meis
1277 4327 1458 4390 clementer
1490 4336 1524 4390 et
1557 4327 1630 4409 dig·

975 4423 1096 4477 nanter
1114 4412 1310 4496 purificante
1327 4462 1334 4478 .
1349 4412 1402 4477 iac
1423 4434 1549 4495 quaeso
1570 4434 1630 4496 per

975 4500 1175 4564 inlusionem
1198 4510 1277 4564 tuae
1300 4500 1434 4583 pietatis
1453 4509 1487 4563 et
1502 4502 1630 4582 gratiae

977 4608 1031 4652 me
1065 4587 1128 4650 tibi
1163 4587 1281 4650 offerre
1317 4586 1513 4650 sacrificium
1538 4637 1545 4651 .
1568 4588 1629 4650 tibi

976 4673 1212 4756 acceptabile.
1240 4684 1274 4737 et
1315 4673 1411 4737 nobis
1452 4674 1630 4738 salutare.

976 4782 1035 4845 per
1050 4761 1226 4824 dominum
1242 4770 1275 4824 et
1292 4762 1392 4824 deum
1409 4771 1560 4825 nostrum
1573 4762 1629 4845 qui

976 4859 1088 4913 tecum
1106 4848 1198 4913 uiuit.

1116 4992 1126 5043 ΙΙ
1138 4984 1180 5035 iol.
1194 5002 1217 5050 3.
1362 4984 1425 5050 liol.
1439 5002 1484 5050 gv.

544 5121 553 5153 ¹
570 5121 627 5172 The
638 5121 774 5172 bracketed
785 5121 873 5172 letters
884 5138 926 5172 are
938 5120 1056 5187 supplied
1068 5120 1102 5184 by
1114 5119 1157 5169 the
1169 5126 1269 5184 present
1281 5118 1370 5169 editor.
