4109 6275
718 801 789 852 PRO
814 799 895 852 UNO
918 794 1130 846 DEFUNCTO.

243 994 276 1049 et
298 1005 399 1068 quem
421 984 526 1048 fecisti
547 983 739 1066 adoptionis
763 980 895 1065 partici-

243 1094 321 1156 pem
336 1122 343 1137 .
359 1071 585 1136 intercedente
607 1071 706 1135 beata
729 1070 782 1134 dei
804 1070 896 1150 geni·

242 1160 323 1223 trice
356 1179 554 1243 semperque
586 1159 714 1241 uirgine
747 1168 896 1220 MARIA.

244 1247 359 1312 iubeas
381 1245 595 1320 llhereditatis
618 1254 697 1308 tuae
719 1265 792 1308 esse
818 1263 896 1307 con-

243 1341 382 1398 sortem¹
401 1354 482 1417 :per
504 1333 657 1397 eundem.

339 1482 459 1543 ΙΤΕΜ
493 1482 602 1542 Al.lA
635 1480 795 1540 MlSSA.

247 1600 390 1731 Deus
413 1587 466 1651 cui
490 1587 552 1650 soli
577 1586 739 1668 competit
763 1584 898 1649 medici·

341 1695 418 1738 nam
442 1684 611 1758 praestare
634 1682 710 1755 post
729 1682 898 1735 mortem:

245 1762 353 1826 tribue
371 1781 573 1845 quaesumus
592 1769 629 1824 ut
649 1760 762 1823 anima
783 1757 898 1822 famuli

247 1851 294 1913 tui
310 1863 356 1913 .N.
372 1850 415 1913 ab
436 1847 592 1912 omnibus
609 1857 715 1911 exuta
730 1846 875 1929 peccatis
891 1895 899 1909 .

246 1938 280 2000 in
303 1938 483 2001 electomm
504 1946 637 1999 tuorum
659 1935 819 1997 societate
841 1953 899 2016 ag·

246 2034 402 2108 gregetur
420 2048 426 2087 :
442 2043 508 2106 per.

487 2167 650 2217 secum.

243 2252 408 2385 Suscipe
431 2260 547 2314 sancta
569 2249 701 2312 trinitas
727 2247 814 2311 hanc
840 2246 899 2309 ob-

319 2338 478 2402 lationem
502 2357 602 2420 quam
627 2335 687 2399 tibi
711 2333 815 2398 offero
839 2355 901 2418 pro

247 2428 360 2490 anima
390 2424 505 2488 famuli
535 2425 583 2488 tui
610 2435 655 2487 .Ν.
687 2432 723 2486 ut
753 2423 900 2504 requiem

248 2525 417 2593 aeternam
447 2513 552 2575 dones
581 2511 612 2574 ei
648 2510 733 2573 inter
768 2519 901 2572 sanctos

247 2612 324 2665 tuos
353 2610 388 2664 et
417 2598 562 2663 electos.
582 2598 739 2681 quatinus
770 2596 900 2660 illorum

247 2689 415 2752 consortio
438 2736 445 2750 .
468 2696 502 2750 et
532 2686 602 2749 uita
632 2684 818 2768 perfruatur
848 2704 902 2746 ae-

248 2785 343 2840 terna
358 2826 365 2840 .
379 2775 438 2859 qui
451 2774 563 2837 rriuz'st

422 2920 719 2971 postcommunio

252 3009 315 3138 D
324 3018 344 3059 a
360 2996 492 3060 ueniam
508 2993 644 3057 domine
656 2993 738 3055 deus
751 3011 809 3073 per
820 2989 903 3052 haec

345 3092 462 3149 sancta
474 3081 633 3164 mysteria
645 3079 776 3143 animae
787 3076 903 3141 famuli

250 3174 299 3237 tui
329 3186 375 3237 .N.
407 3179 443 3235 ut
472 3188 610 3233 occursu
642 3187 709 3230 non
742 3173 905 3229 terreatur

252 3260 363 3325 malo.
379 3259 437 3323 sed
464 3266 524 3320 tuo
553 3274 685 3338 semper
711 3260 905 3336 protegatur

252 3347 401 3412 auxilio.
418 3365 483 3428 per.

343 3522 463 3583 ΙΤΕΜ
496 3520 604 3580 Al.lA
637 3516 807 3579 misam.

328 3635 398 3687 EUS
419 3620 471 3683 eui
493 3617 663 3701 proprium
685 3621 735 3677 est
758 3613 905 3675 misereri

255 3644 318 3772 D
348 3728 479 3790 semper
514 3715 547 3769 et
577 3722 740 3787 parcere.
765 3710 799 3763 te
829 3720 905 3781 sup·

254 3800 356 3882 plices
367 3798 586 3879 deprecamur
597 3811 657 3873 pro
669 3789 781 3852 anima
792 3786 906 3849 famuli

254 3887 301 3950 tui
317 3898 363 3949 .N.
377 3902 477 3966 quam
491 3882 534 3943 de
545 3879 608 3941 hoc
620 3874 753 3940 saeculo
765 3875 907 3955 migrare

255 3972 376 4037 iussisti
400 4020 407 4033 .
431 3977 467 4032 ut
505 3987 571 4029 non
610 3963 722 4027 tradas
761 3981 835 4024 eam
874 3960 906 4022 in

257 4080 373 4123 manus
418 4055 572 4120 inimici.
597 4072 657 4114 nec
702 4048 908 4112 obliuiscaris

257 4148 307 4230 lin
332 4146 431 4209 finem
448 4193 454 4205 .
470 4143 529 4205 sed
552 4140 628 4202 iube
648 4157 723 4201 eam
745 4157 765 4199 a
784 4134 907 4198 sanctis

255 4233 381 4316 angelis
397 4229 538 4311 suscipi.
551 4235 585 4289 et
601 4228 642 4289 ad
656 4225 799 4306 patriam
813 4241 908 4304 para-

256 4322 330 4404 dysi
346 4318 501 4404 perduci.
515 4327 551 4379 ut
566 4314 647 4377 dum
664 4313 697 4374 in
714 4320 746 4375 te
762 4308 909 4392 sperauit

257 4421 290 4473 et
305 4407 445 4472 credidit
461 4454 467 4468 .
481 4423 547 4466 non
563 4420 689 4483 paenas
705 4397 821 4460 inferni
838 4415 909 4458 sus-

257 4497 362 4560 tineat
377 4545 384 4557 .
400 4493 458 4556 sed
489 4489 613 4573 gaudia
642 4495 778 4550 aeterna
804 4482 910 4565 possi-

258 4584 336 4647 deat
355 4605 361 4645 :
377 4601 444 4663 per.

386 4708 451 4766 11101.
470 4704 522 4755 166.
622 4700 682 4765 {sol
700 4697 745 4749 166
753 4715 778 4747 v.

307 4878 316 4911 ¹
335 4880 355 4928 Β
383 4876 520 4929 correction
532 4875 558 4924 in
569 4874 612 4923 the
624 4872 681 4922 MS.
694 4870 757 4920 from
772 4864 934 4918 ‘consortes'

1542 788 1600 857 153

1192 979 1354 1028 secum.

947 1070 1185 1204 Oblationes
1226 1078 1357 1131 nostras
1398 1083 1601 1148 quaesumus

1041 1158 1184 1222 domine
1222 1156 1423 1238 propitiatus
1465 1150 1602 1215 intende

947 1267 1049 1330 quas-
1073 1245 1135 1310 tibi
1176 1241 1347 1307 offerimus
1389 1261 1450 1323 pro
1489 1238 1604 1301 anima

947 1332 1063 1397 famuli
1086 1333 1135 1396 tui
1159 1343 1204 1394 .N.
1227 1340 1262 1393 et
1284 1328 1336 1391 cui
1360 1326 1493 1391 donasti
1520 1325 1602 1407 bap-

946 1421 1037 1485 tismi
1067 1426 1313 1483 sacramentum
1335 1464 1342 1479 .
1362 1415 1407 1478 da
1436 1415 1466 1475 ei
1497 1422 1603 1475 aeter·

947 1527 1067 1571 norum
1097 1504 1341 1588 plenitudinem
1371 1499 1602 1583 gaudiorum.

992 1615 1015 1660 l'.

947 1616 990 1679 pe
1125 1702 1423 1753 postcommunio.

954 1801 1118 1927 Praesta
1140 1791 1276 1855 domine
1302 1807 1506 1871 quaesumus
1534 1784 1604 1848 ani-

1030 1900 1105 1942 mae
1146 1875 1261 1940 samuli
1304 1876 1351 1940 tui
1392 1887 1437 1938 .N.
1477 1873 1603 1936 miseri-

948 1968 1097 2030 cordiam
1119 1965 1357 2046 sempiternam
1374 2011 1380 2024 .
1397 1970 1437 2028 ut
1456 1959 1604 2023 mortali-

950 2055 1029 2118 tatis
1060 2053 1203 2116 nexibus
1234 2051 1418 2133 expedita.
1436 2047 1496 2110 lux
1526 2065 1603 2110 eam

949 2150 1086 2205 aeterna
1102 2139 1270 2222 possideat
1289 2161 1296 2200 ε
1312 2157 1377 2219 per.

989 2327 1035 2386 ΙΝ
1072 2320 1448 2384 ANNlUERSARlO
1487 2318 1563 2378 DE·

1115 2404 1442 2468 FUNOTORUM.

1030 2542 1097 2594 EUS
1143 2535 1495 2590 INDULGENTIARUM
1541 2534 1606 2585 DO-

1051 2629 1150 2679 mma
1181 2628 1233 2676 111.
1267 2624 1465 2675 limnaeus
1501 2608 1607 2672 samu-

952 2705 1061 2768 lorum
1092 2713 1225 2766 tuorum
1256 2714 1301 2763 .N.
1337 2717 1478 2782 quorum
1512 2696 1607 2759 anni-

952 2792 1135 2856 uersarium
1160 2787 1378 2872 depositionis
1403 2785 1491 2848 diem
1517 2802 1608 2846 com-

953 2898 1178 2943 memoramus
1208 2924 1215 2939 .
1246 2872 1403 2957 refrigerii
1455 2871 1568 2935 sedem
1601 2918 1608 2933 .

953 2967 1075 3050 quietis
1091 2963 1352 3028 beatitudinem.
1365 2959 1499 3023 luminis
1514 2957 1608 3020 clari-

954 3063 1060 3118 tatem
1080 3076 1087 3114 :
1102 3072 1169 3136 per.

1196 3168 1361 3218 secum.

956 3263 1172 3398 propitiare
1198 3258 1334 3323 domine
1358 3253 1610 3337 supplicationi·

1036 3351 1099 3414 bus
1126 3347 1268 3411 nostris.
1285 3365 1346 3427 pro
1372 3341 1548 3406 animabus
1576 3347 1609 3402 et

956 3438 1127 3523 spiritibus
1154 3435 1355 3498 famulorum
1383 3432 1537 3510 lituorum
1564 3440 1610 3489 .N.

956 3545 1098 3610 quorum
1121 3523 1221 3587 hodie
1244 3540 1357 3584 annua
1383 3517 1455 3580 dies
1478 3515 1611 3597 agitur.

957 3635 1017 3698 pro
1029 3612 1151 3697 quibus
1162 3609 1222 3673 tibi
1233 3608 1403 3670 offerimus
1413 3601 1611 3667 sacrificium

958 3702 1089 3765 laudis.
1106 3708 1143 3762 ut
1172 3717 1230 3761 eas
1256 3704 1450 3758 sanctorum
1478 3701 1610 3754 tuorum

957 3786 1127 3851 consortio
1142 3786 1270 3847 sociare
1285 3781 1433 3864 digneris
1449 3828 1456 3842 .
1472 3798 1539 3861 per.

1133 3935 1430 3987 postcommunio

956 4029 1124 4165 Suscipe
1161 4026 1297 4090 domine
1332 4044 1446 4106 preces
1483 4032 1614 4085 nostras

1033 4136 1094 4199 pro
1116 4113 1288 4177 animabus
1302 4108 1537 4191 famu⁴lorum
1562 4118 1613 4171 tu-

959 4225 1055 4269 orum
1092 4216 1138 4264 .N.
1175 4218 1316 4284 quorum
1349 4197 1613 4260 anniuersarium

960 4289 1179 4376 depositionis
1191 4287 1280 4349 diem
1294 4303 1595 4348 commemoramus
1608 4332 1614 4344 .

960 4390 998 4445 ut
1019 4380 1046 4442 si
1067 4397 1153 4460 quae
1173 4375 1221 4438 eis
1243 4371 1393 4436 maculae
1414 4371 1457 4433 de
1475 4370 1615 4433 terrenis

960 4465 1124 4548 contagiis
1157 4460 1358 4525 adheserunt
1382 4508 1388 4522 .
1412 4456 1615 4520 remissionis

961 4565 1040 4620 tuae
1056 4548 1281 4616 misericordia
1296 4547 1471 4609 deleantur
1489 4567 1496 4606 ε
1512 4564 1578 4625 per.

1217 4689 1227 4742 ΙΙ
1238 4684 1282 4734 iol.
1299 4683 1352 4746 167.

308 4943 320 4976 ¹
377 4944 398 4993 is
409 4942 468 5008 ‘qui
480 4939 558 4991 uiuis’
570 4941 592 4989 is
602 4940 637 5002 by
648 4953 664 4987 a
674 4937 737 4986 later
748 4934 825 4990 hand,
837 4933 863 4982 in
874 4932 946 4982 other
957 4930 1009 4990 ink,
1023 4927 1074 4977 and
1086 4942 1119 4976 on
1130 4940 1163 4975 an
1174 4937 1281 4974 erasme

308 5008 319 5041 ⁸
336 5009 463 5060 Pencilled
477 5006 530 5056 ‘iri’
543 5006 569 5055 in
580 5013 651 5054 outer
663 5001 759 5066 margin
770 4999 800 5050 of
811 4998 856 5049 166
868 4996 930 5060 (15).

307 5075 318 5105 ⁴
334 5075 416 5125 These
430 5075 500 5123 three
514 5071 631 5148 syllables
646 5076 671 5144 at
683 5067 727 5143 the
737 5065 787 5116 end
798 5064 828 5114 oi
841 5063 885 5126 167
897 5060 934 5126 (5)
945 5076 988 5110 are
998 5074 1032 5135 op
1044 5071 1194 5132 mensure,
1208 5055 1235 5103 in
1245 5051 1360 5102 different
1372 5049 1416 5098 11111
1428 5048 1487 5104 and.
1499 5046 1615 5112 perhaps,

260 5142 294 5206 by
304 5141 409 5191 another
420 5139 487 5188 hand
498 5152 505 5195 ;
522 5153 549 5186 111
560 5141 707 5190 correction,
719 5141 739 5180 rt
750 5147 808 5194 may
819 5131 860 5186 be,
872 5128 901 5177 os
910 5133 973 5192 ‘pro
984 5139 1069 5173 anima
1079 5120 1185 5171 famuli!

348 5256 385 5306 M.
402 5256 435 5305 R.

1490 5230 1532 5277 20
