4109 6275
462 722 503 800 58
786 730 978 783 DOMINICA
1000 729 1149 795 QUINTA
1172 730 1262 782 POST
1284 730 1365 780 OCT.
1390 730 1495 780 PENT.

463 908 626 973 Dominus
636 910 886 993 firmamentum
903 930 1009 973 meum
1023 919 1056 972 et
1070 930 1116 972 re·

453 997 594 1079 fugium
611 1018 716 1061 meum
731 1008 762 1061 et
775 997 930 1062 liberator
940 1018 1029 1061 mnes
1039 995 1118 1060 deus

462 1105 552 1148 meus
565 1083 699 1148 adiutor
713 1106 809 1149 uuus.

640 1247 937 1297 postcommum.

463 1336 613 1466 Sancta
644 1337 702 1391 tua
732 1347 793 1389 nos
819 1326 956 1391 domine
982 1333 1119 1408 sumpta

537 1413 709 1478 uiuificent
738 1463 745 1479 .
776 1423 811 1478 et
873 1413 1119 1477 misericordiae

464 1501 688 1584 sempiternae
714 1510 914 1585 praeparent
939 1500 1119 1583 expiatos:

463 1609 523 1671 per
537 1589 712 1653 dominum
729 1597 878 1652 nostrum
896 1591 999 1652 iesum
1016 1587 1118 1651 chris-

463 1684 545 1739 tum.

621 1794 961 1922 Dottrtttctll.

516 1974 545 2032 Ᾰ,
584 1971 696 2027 Exaudi
715 1971 830 2028 domine
849 1988 949 2027 uocem
967 1989 1070 2027 meam.

719 2088 858 2137 οΒΑτιο.

464 2163 469 2240 Ι
483 2173 571 2302 DA
585 2171 695 2221 NOBIS
708 2170 860 2221 DOMINE
871 2171 1119 2236 QUAESUMUS:

569 2243 1120 2328 urarnuunrcunsuspacifice

466 2332 562 2395 nobis
608 2342 667 2395 tuo
713 2333 831 2396 ordine
868 2333 1062 2416 dirigatur.
1085 2341 1120 2395 et

464 2418 626 2483 aecclesia
649 2427 707 2483 tua
731 2419 912 2502 tranquilla
939 2419 1121 2483 deuotione

465 2505 608 2569 laetetur
632 2528 639 2569 :
664 2527 723 2589 per
757 2507 930 2570 dominum
968 2514 1119 2569 nostrum

465 2613 580 2657 resum.

709 2682 871 2730 secuero.

469 2765 742 2893 Oblationibus
763 2789 966 2851 quaesumus
984 2769 1120 2834 domine

560 2855 693 2938 placare
725 2856 889 2939 susceptis
912 2906 919 2920 .
942 2865 976 2920 et
1010 2858 1053 2922 ad
1086 2867 1121 2922 te

466 2950 597 3006 nostras
636 2944 737 3008 etiarn
778 2943 917 3008 rebelles
954 2944 1121 3028 compelle

465 3029 629 3113 propitius
646 3030 858 3095 uoluntates.
875 3038 957 3115 per¹.

691 3189 765 3259 post
779 3200 878 3242 cortem

465 3282 680 3411 Mysteria
701 3304 758 3346 uos
776 3283 905 3347 mmiue
923 3296 1052 3369 sumpta
1070 3287 1120 3350 ui-

580 3370 710 3453 uificeut
729 3381 761 3434 et
778 3392 836 3435 suo
858 3393 988 3437 murure
1010 3383 1120 3437 tuean-

468 3464 525 3518 tur
539 3506 544 3518 .
554 3468 618 3539 per
630 3456 806 3522 domiuum.

584 3620 780 3682 Dominicis»
803 3598 843 3682 tas.
860 3620 1003 3702 offeritur,

543 3727 650 3791 xaudi
663 3726 791 3791 domiue
811 3749 915 3792 uocem
937 3751 1041 3793 uuam
1056 3753 1121 3813 qua

564 3814 708 3877 clamaui
735 3814 784 3878 ad
810 3824 840 3878 te
866 3814 1001 3881 adiutor
1031 3828 1122 3881 meus

467 3911 531 3965 esto
561 3922 601 3965 ne
628 3900 832 3984 derelinquas
861 3923 911 3965 mr
942 3924 1038 3987 neque
1070 3905 1121 3968 de-

467 3988 586 4072 spicias
600 3989 741 4052 medens
757 3989 916 4054 salutaris
931 4011 1026 4055 meus.
1064 3996 1120 4057 l's.

469 4075 634 4140 Dominus
652 4074 859 4140 illuminaria.
899 4080 999 4141 (irad.
1039 4079 1124 4142 Pro-¹

469 4172 566 4227 tector
591 4173 697 4226 noster
720 4163 823 4244 aspice
849 4162 927 4227 deus
951 4175 983 4228 et
1008 4166 1123 4249 respice

468 4261 694 4332 superstruas
722 4259 799 4313 tuos.
848 4252 935 4315 l'ers.
985 4251 1125 4317 Douriue

469 4335 548 4400 deus
562 4335 688 4400 uirtum
702 4336 823 4401 muudi
832 4350 939 4420 preces
955 4359 1123 4405 seruorum

730 4447 788 4513 liol.
804 4463 835 4515 59
841 4465 865 4499 v.

1170 917 1307 971 tuomm.
1352 907 1501 971 Alleluia
1537 906 1677 970 Domine
1696 905 1732 968 iu
1755 905 1821 968 oir-

1170 1004 1236 1059 tute
1255 1005 1314 1059 tua
1333 995 1488 1060 letabitur
1507 1015 1565 1058 rmr
1581 1004 1613 1059 et
1628 1005 1725 1077 super
1736 993 1822 1056 salu·

1170 1092 1240 1146 tore
1283 1093 1376 1148 tuum
1419 1081 1578 1147 exultabit
1619 1080 1822 1145 acuamur.

1166 1173 1266 1251 offert.
1328 1169 1520 1234 Benedicam
1562 1169 1731 1232 domiuum
1767 1168 1824 1251 qni

1170 1255 1270 1320 mati
1279 1257 1398 1321 tribuit
1409 1257 1601 1322 intellectum
1609 1255 1821 1339 prouidebam

1169 1345 1264 1408 mum
1285 1344 1321 1407 iu
1340 1354 1499 1428 conspectu
1520 1365 1587 1408 meo
1607 1355 1731 1427 semper
1749 1364 1823 1426 quo-

1171 1430 1262 1495 niam
1291 1432 1438 1496 auxero
1464 1442 1512 1496 est
1540 1430 1640 1495 multi
1670 1452 1710 1494 ue
1743 1451 1823 1493 com-

1170 1539 1309 1583 mouear.
1367 1521 1484 1584 Corum.
1548 1519 1656 1584 Vnam
1685 1518 1773 1600 pecii
1801 1539 1823 1580 a

1169 1606 1299 1671 domiuo
1314 1622 1404 1671 Hanc
1417 1606 1581 1689 requiram
1597 1616 1636 1670 ut
1649 1604 1822 1670 tumtum

1171 1693 1206 1757 iu
1221 1694 1315 1758 domo
1328 1693 1457 1759 domini
1468 1694 1617 1759 omuibus
1633 1693 1745 1757 dirim
1759 1691 1825 1755 uite

1170 1802 1243 1847 mee.

1313 1911 1683 2040 dominicutllt

1204 2094 1234 2152 Ᾰ.
1274 2095 1417 2149 Dominus
1435 2094 1570 2149 tortitudo
1588 2095 1679 2164 plebis
1697 2092 1787 2149 suae2.

1425 2209 1575 2262 ortatiol.

1246 2319 1316 2371 EUS
1355 2320 1422 2384 QUI
1465 2321 1735 2373 DILIGENTIBUS
1775 2323 1822 2372 TE

1263 2406 1364 2457 noun
1382 2394 1584 2460 ruursrbilia
1599 2395 1822 2480 praeparasti:

1170 2479 1309 2545 infunde
1324 2483 1479 2546 cordibus
1496 2484 1618 2547 nostris
1634 2485 1682 2556 tui
1702 2485 1823 2548 amoris

1169 2567 1326 2632 affectum
1351 2618 1357 2632 .
1381 2578 1418 2633 ut
1454 2580 1488 2633 te
1526 2571 1559 2633 in
1597 2572 1754 2635 omnibus
1790 2581 1824 2635 et

1170 2676 1270 2738 super
1299 2657 1414 2720 omnia
1443 2657 1621 2740 diligentes
1647 2707 1655 2721 .
1685 2661 1823 2743 promis·

1170 2743 1282 2806 siones
1303 2751 1378 2807 tuas
1399 2764 1485 2826 quae
1506 2765 1607 2809 omne
1622 2746 1822 2810 desiderium

1171 2838 1331 2912 superant
1354 2851 1621 2915 consequamur:
1637 2854 1697 2916 per
1718 2833 1823 2897 dorni-

1172 2936 1252 2980 num
1269 2927 1429 2982 nostrum.

1417 3066 1580 3114 secntrn.

1175 3157 1409 3291 {propitiare
1454 3157 1591 3221 domine
1633 3159 1825 3243 supplicati·

1280 3245 1401 3308 onibus
1431 3246 1581 3309 nostris.
1605 3256 1640 3310 et
1672 3246 1733 3310 has
1767 3247 1826 3311 ob

1174 3331 1315 3395 lationes
1358 3331 1557 3396 famulorum
1599 3342 1732 3398 tuorum
1771 3336 1826 3398 be-

1174 3419 1294 3501 nignus
1329 3440 1492 3484 assume.
1516 3430 1553 3484 ut
1584 3423 1674 3503 quod
1705 3421 1825 3505 singuli

1172 3505 1366 3570 obtulerunt
1402 3509 1445 3571 ad
1484 3507 1644 3572 honorem
1684 3508 1826 3572 nominis

1173 3592 1221 3655 tui
1238 3643 1245 3656 .
1261 3594 1389 3657 cunctis
1413 3593 1565 3678 proficiat
1591 3595 1635 3659 ad
1661 3596 1826 3659 salutem:

1173 3700 1241 3762 per.

1273 3860 1447 3923 Doruiuica
1464 3911 1470 3923 .
1490 3837 1534 3924 Ul
1547 3913 1552 3924 .
1569 3861 1729 3944 officr'rmr³.

1251 3967 1382 4031 ominus
1401 3968 1570 4049 fortitude
1591 3970 1695 4053 plebis
1719 3992 1776 4034 sue
1799 3979 1831 4033 et

1265 4064 1425 4137 protector
1437 4056 1638 4121 salutarium
1649 4057 1767 4121 christi
1775 4058 1830 4121 sui

1172 4152 1221 4206 cst
1243 4141 1374 4206 saluum
1391 4143 1456 4224 sac
1473 4145 1628 4226 populum
1656 4156 1748 4208 nerem
1774 4145 1827 4209 do·

1174 4229 1306 4293 minuet
1319 4228 1445 4293 benedic
1460 4230 1636 4295 hereditati
1649 4242 1702 4295 tue
1713 4242 1746 4295 et
1759 4253 1830 4316 rege

1173 4336 1343 4400 casusque
1365 4317 1569 4383 inseculum.
1614 4322 1669 4382 Ps.
1715 4321 1779 4383 Ad
1801 4329 1830 4382 te

1440 4460 1451 4513 ΙΙ
1462 4455 1507 4504 t'ol.
1518 4455 1559 4506 60.

519 4622 528 4655 ¹
546 4624 597 4674 For
608 4621 650 4672 the
661 4624 878 4675 accommodatior
889 4625 919 4676 ol
926 4626 976 4678 this
988 4627 1114 4691 Sunday's
1125 4628 1240 4694 officium,
1253 4628 1296 4678 the
1310 4629 1529 4679 Postcommunion
1541 4629 1587 4679 hus
1599 4632 1662 4681 been
1678 4635 1829 4699 completely

470 4690 566 4746 erased,
578 4688 628 4738 eud
640 4699 684 4738 not
696 4688 738 4739 the
752 4689 854 4739 Prelace
864 4692 933 4756 only.
968 4694 1004 4744 So
1016 4702 1061 4743 too
1071 4694 1136 4744 have
1148 4694 1190 4744 the
1201 4694 1264 4750 title,
1277 4693 1319 4743 the
1331 4694 1382 4744 first
1394 4695 1477 4744 minor
1487 4696 1577 4754 rubrie,
1588 4697 1649 4755 and,
1660 4700 1828 4764 presumably,

470 4756 514 4806 the
533 4753 717 4818 antiphonarial
737 4755 875 4805 indication
894 4756 924 4806 ol
940 4757 982 4807 the
1001 4767 1060 4808 next
1082 4760 1159 4809 Mass.
1203 4759 1324 4822 Today‘s
1345 4760 1565 4810 Postcommuniou
1584 4761 1631 4812 has
1650 4763 1714 4813 been
1735 4765 1768 4829 by
1786 4766 1829 4815 the

470 4820 563 4871 second
580 4819 663 4868 writer
679 4817 771 4869 slrilted
788 4828 815 4869 to
832 4835 847 4868 a
863 4821 935 4885 place
951 4822 1122 4888 immediately
1139 4824 1224 4874 before
1240 4824 1283 4875 the
1299 4825 1415 4889 offidum.
1450 4826 1532 4875 Seven
1549 4826 1621 4885 lines,
1636 4842 1700 4892 5921.
1717 4832 1828 4893 (8-r5t,

471 4885 566 4945 erased,
580 4884 679 4933 besides
689 4883 772 4934 minor
783 4885 864 4935 rubric
876 4902 910 4935 on
922 4887 965 4936 lin.
979 4903 1001 4951 7.
1039 4889 1144 4940 Manual
1155 4905 1223 4941 cross
1234 4890 1260 4939 in
1270 4899 1342 4940 outer
1353 4890 1449 4956 margin
1461 4890 1490 4940 ol
1498 4890 1542 4941 lin.
1555 4894 1578 4941 8.

519 4949 530 4979 ¹
548 4949 670 5014 Supplied
682 4950 715 5011 by
726 4960 826 5013 present
837 4951 927 5001 editor.

520 5012 640 5065 ⁸Truces
656 5013 744 5064 visible
759 5014 790 5064 οἰ
800 5016 887 5065 erased
902 5018 984 5068 rubric
999 5019 1150 5071 undinitiul.
1186 5020 1523 5087 Manuulcrossinmargin.
1559 5022 1830 5090 Theofficium‘corers

471 5080 530 5132 nine
541 5079 613 5141 lines,
626 5077 660 5129 6ο
671 5078 780 5144 (5—14),
795 5080 825 5130 of
832 5096 938 5132 erasure.
