4109 6275
913 797 985 842 12

905 968 1049 1097 E
1070 982 1120 1031 7·
1165 971 1338 1034 enim
1395 970 1696 1034 sederunt
1759 968 2086 1052 principes
2160 978 2221 1032 et

1101 1058 1449 1122 aduersum
1525 1078 1624 1121 me
1682 1056 2105 1139 loquebantur
2157 1066 2220 1119 et

910 1145 1126 1228 iniqui
1153 1144 1472 1228 persecuti
1505 1154 1662 1207 sunt
1695 1165 1797 1207 me
1828 1144 2081 1207 adiuua
2119 1164 2219 1207 me

908 1232 1165 1297 domine
1201 1232 1360 1295 deus
1399 1253 1578 1295 meus
1615 1231 1773 1313 quia
1807 1253 2037 1295 seruus
2066 1240 2219 1294 tuus

907 1319 1309 1383 exercebatur
1346 1320 1416 1383 in
1459 1318 1592 1382 tuis
1633 1318 2052 1403 iustificacion
2060 1317 2216 1381 ibus.

905 1408 1001 1468 Ps
1029 1407 1066 1444 ¹*
1164 1406 1358 1469 Beati
1385 1405 1795 1469 immaculati

1285 1600 1293 1608 .
1316 1600 1323 1607 .
1344 1548 1713 1628 apostolom
1724 1568 1784 1607 ut
1799 1545 1828 1607 ¹.

905 1657 1003 1786 l
1016 1666 1081 1716 Ν
1110 1653 1331 1718 diebus
1371 1653 1508 1717 illis
1527 1675 1552 1718 :
1599 1652 1968 1737 Stephanus
1992 1653 2223 1736 plenus

1031 1742 1267 1825 gratia
1323 1750 1387 1804 et
1435 1741 1842 1821 fortitudine
1880 1790 1894 1805 .
1925 1739 2225 1823 faciebat

906 1829 1212 1912 prodigia
1250 1838 1312 1891 et
1346 1826 1540 1910 sigma
1581 1847 1824 1909 magna
1869 1827 1941 1890 in
1970 1828 2222 1911 populo.

916 1917 1362 1979 Surrererunt
1385 1925 1603 1978 autem
1632 1914 1901 1997 quidam
1931 1914 2011 1978 de
2036 1935 2222 1997 syna-

905 2024 1078 2086 goga
1118 2024 1240 2085 que
1274 2000 1638 2085 appellatur
1674 2000 2123 2065 libertinorum
2163 2012 2226 2065 et

913 2088 1349 2173 cyrenensium
1407 2099 1471 2152 et
1525 2088 2105 2152 alexandrinorum
2164 2100 2227 2153 et

914 2198 1132 2240 eorum
1176 2176 1297 2258 qui
1334 2186 1524 2239 erant
1573 2196 1615 2238 a
1669 2175 1890 2257 cylicia
1934 2186 1996 2239 et
2036 2175 2224 2239 asia:

916 2265 1319 2346 disputantes
1359 2283 1503 2326 cum
1547 2262 1862 2343 stephano.
1954 2263 2056 2326 Et
2101 2283 2224 2326 non

906 2360 1210 2434 poterant
1227 2349 1516 2414 resistere
1530 2349 1859 2433 sapiencie:
1879 2358 1943 2413 et
1956 2349 2229 2434 spiritui

923 2487 937 2501 .
953 2487 967 2501 .
983 2436 1390 2520 loquebatur.
1469 2438 1528 2499 A
1540 2436 1826 2500 udientis
1840 2447 2055 2500 autem
2077 2436 2185 2500 hec
2206 2460 2225 2502 :

916 2524 1404 2589 dissecabantur
1440 2523 1738 2588 cordibus
1778 2524 1920 2587 suis
1967 2534 2031 2587 et
2070 2524 2225 2587 stri-

919 2612 1155 2676 debant
1238 2610 1535 2675 dentibus
1616 2610 1687 2674 in
1772 2631 1934 2674 eum.
2059 2609 2226 2677 Cum

917 2710 1131 2763 autem
1163 2707 1323 2762 esset
1358 2697 1704 2779 stephanus
1728 2697 1961 2780 plenus
1987 2697 2227 2781 spiritu

916 2795 1173 2849 sancto:
1252 2784 1585 2848 intendens
1650 2784 1721 2848 in
1787 2785 1986 2848 celum
2054 2785 2232 2849 uidit

908 2872 1202 2955 gloriam
1270 2870 1380 2934 dei
1442 2879 1504 2933 et
1574 2871 1773 2934 iesum
1841 2880 2119 2936 stantem
2186 2893 2230 2934 a

920 2958 1165 3023 dextris
1207 2957 1317 3021 dei
1361 2969 1424 3022 et
1464 2957 1567 3021 ait
1593 3007 1607 3021 .
1639 2958 1805 3021 Ecce
1846 2957 2030 3022 uideo
2074 2958 2231 3023 celos

920 3055 1170 3129 apertos
1188 3066 1212 3107 :
1262 3054 1325 3108 et
1347 3043 1582 3127 filium
1624 3043 1911 3109 hominis
1951 3056 2229 3110 stantem

920 3155 965 3196 a
992 3132 1239 3196 dextris
1262 3131 1536 3196 uirtutis
1555 3126 1674 3197 dei.
1749 3132 1866 3196 Ex
1884 3133 2234 3198 clamantes

921 3230 1139 3284 autem
1213 3241 1356 3283 uoce
1429 3240 1711 3302 magna:
1783 3221 2236 3285 continuerunt

921 3327 1114 3372 aures
1188 3327 1345 3370 suas
1424 3315 1488 3370 et
1567 3306 1870 3389 impetum
1931 3306 2237 3389 fecerunt

926 3394 1332 3458 unanimiter
1402 3393 1472 3457 in
1537 3414 1697 3457 eum.
1789 3394 1885 3457 Et
1949 3394 2236 3458 eicientes

922 3503 1067 3545 eum
1088 3530 1102 3545 .
1120 3491 1305 3544 extra
1325 3480 1655 3544 ciuitatem
1679 3481 2064 3563 lapidabant
2069 3530 2227 3545 ......

922 3579 1050 3633 stes
1114 3568 1296 3648 depos
1316 3614 2090 3633 ...........................
2112 3590 2236 3632 sua

922 3676 1095 3718 secus
1109 3653 1301 3736 pedes
1329 3653 1542 3717 adoles
1548 3702 2229 3720 ........................

933 3789 1440 3806 ..................
1448 3741 1549 3805 Et
1585 3741 1967 3823 lapidabant
1992 3742 2236 3825 stepha-

927 3834 1117 3893 num³
1132 3876 2229 3894 ........................................

1473 792 1553 842 ΙΝ
1607 791 1889 841 NATALI
1939 790 2210 848 SANCTI
2259 791 2636 843 IOHANNIS
2681 791 3058 842 APOSTOLI.

2313 969 2515 1034 secuti
2537 978 2694 1033 sunt
2732 988 2846 1034 me.
2952 970 3014 1035 V
3008 992 3108 1032 crs
3219 966 3499 1030 Adiuua
3528 986 3630 1027 me

2315 1055 2572 1120 domine
2621 1055 2777 1119 deus
2828 1075 3004 1118 meus
3054 1054 3315 1117 saluum
3371 1074 3472 1116 me
3504 1054 3630 1133 fac

2302 1153 2568 1226 propter
2606 1141 3118 1208 misericordiam
3160 1152 3358 1205 tuam.
3449 1140 3625 1203 Alle-

2316 1231 2474 1295 luia.
2584 1236 2739 1298 Vcrs
2870 1228 3063 1293 Video
3101 1229 3256 1292 celos
3293 1238 3543 1311 apertos
3569 1237 3632 1290 et

2318 1318 2520 1382 iesum
2549 1327 2825 1381 stantem
2855 1338 2898 1379 a
2920 1315 3168 1380 dextris·
3190 1315 3462 1379 uirtutis
3481 1314 3588 1378 dei
3593 1320 3631 1377 ³.

2315 1410 2724 1489 oſjcrlorlmn.
2897 1403 2968 1466 E
2969 1403 3262 1486 legerunt
3362 1402 3632 1485 apostoli

2318 1491 2695 1575 stephanum
2756 1492 3023 1556 leuitam
3069 1490 3337 1572 plenum
3377 1488 3525 1573 fide
3571 1499 3632 1552 ct

2318 1579 2557 1662 spiritu
2627 1589 2845 1643 sancto
2917 1598 3102 1659 quem
3170 1577 3634 1659 lapidauerunt

2322 1666 2499 1730 iudei
2546 1677 2836 1730 orantem
2895 1676 2958 1729 et
3011 1665 3317 1729 dicentem
3377 1663 3524 1727 dom
3532 1663 3636 1726 ine

2323 1754 2456 1817 iesu
2480 1753 2683 1837 accipe
2700 1754 3009 1837 spiritum
3034 1773 3263 1817 meum.
3338 1753 3398 1813 Α
3411 1751 3632 1815 lleluia

2319 1840 2600 1905 alleluia.
2703 1872 2833 1912 com
2841 1870 2994 1911 mun
3004 1849 3074 1912 z'o.
3200 1838 3395 1903 Video
3478 1838 3634 1901 celos

2320 1939 2569 2012 apertos
2626 1938 2688 1991 et
2746 1928 2947 1991 iesum
3006 1937 3283 1991 stantem
3342 1925 3635 1989 adextris

2322 2016 2595 2081 uirtutis
2667 2016 2775 2079 dei
2816 2066 2829 2078 .
2874 2015 3130 2079 domine
3215 2013 3349 2077 iesu
3432 2012 3637 2095 accipe

2319 2104 2627 2185 spiritum
2682 2124 2890 2166 meum
2943 2114 3005 2167 et
3053 2123 3129 2165 ne
3185 2112 3441 2166 statuas
3500 2101 3635 2163 illis

2321 2190 2436 2254 hoc
2489 2201 2819 2273 peccatum
2892 2189 3051 2272 quia
3125 2188 3413 2254 nesciunt
3474 2188 3641 2270 quid

2305 2277 2591 2360 faciunt.

2801 2467 2803 2470 Ι
2804 2400 2949 2471 post
2991 2410 3139 2450 com.

2502 2522 2859 2586 inlientur
2882 2522 3063 2587 nobis
3094 2519 3352 2584 domine
3380 2530 3635 2603 sumpta

2535 2609 2843 2691 mysteria
2892 2619 2954 2672 et
3005 2608 3419 2672 intercedente
3461 2607 3638 2672 beato

2324 2697 2625 2781 stephano
2669 2695 3192 2780 prothomartyre
3251 2704 3359 2758 tuo
3409 2693 3635 2778 sempi-

2328 2794 2514 2848 terna
2574 2785 2963 2868 proteccione
3024 2783 3399 2867 confirment
3416 2804 3441 2844 .·
3514 2792 3641 2861 per

2327 2870 2662 2935 dominum
2672 2870 2709 2936 ⁴.

2327 3120 2412 3181 ιΝ
2475 3118 2826 3179 ΝΑτΑιι
2884 3100 3244 3177 εΑΝοτι
3300 3113 3630 3175 ιοΗΑΝ-

2622 3201 2776 3261 Nus
2826 3199 3338 3262 Aposssom.

2582 3383 2639 3441 Ᾰ.
2727 3386 2791 3438 ln
2828 3383 3019 3437 medio
3054 3383 3379 3438 aecclesiae.

2831 3553 3106 3602 ΟΗΑΤΙΟ.

2454 3669 2836 3721 ‚CCLESIAM
2892 3668 3105 3719 TUAM
3164 3668 3468 3718 DOMINE
3523 3669 3643 3718 BE-

2521 3756 2809 3806 NIGNUS
2879 3750 3402 3807 1LLUSTRA.ut
3464 3742 3641 3807 beati

2336 3830 2642 3894 iohannis
2702 3829 2987 3912 apostoli
3056 3839 3123 3892 et
3191 3830 3643 3912 euangelistae

934 3964 2229 3981 .............................................
2337 3916 2710 3981 illuminata
2750 3915 3069 3980 doctrinis
3100 3967 3113 3979 .
3146 3917 3231 3979 ad
3277 3917 3455 3981 dona
3498 3938 3641 4000 per-

929 4002 1179 4077 llautem
1268 4001 1573 4085 genibus:

927 4110 1168 4172 magna
1212 4088 1426 4153 dicens
1453 4138 1467 4153 .
1499 4089 1817 4153 Domine:
1865 4110 1942 4153 ne
1982 4101 2241 4154 statuas

929 4177 1065 4240 illis
1136 4176 1250 4240 hoc
1297 4186 1641 4258 peccatum.
1752 4177 1847 4240 Et
1910 4198 2055 4240 cum
2129 4177 2241 4241 hoc

927 4262 1198 4327 dixisset
1253 4284 1273 4326 .·
1329 4262 1719 4326 obdormiuit
1806 4263 1874 4327 in
1964 4263 2238 4328 domino.

917 4357 1106 4415 Grad
1234 4351 1289 4414 S
1288 4350 1556 4413 ederunt
1570 4350 1898 4434 principes
1926 4361 1986 4414 et
2006 4350 2236 4414 aduer-

927 4458 1074 4500 sum
1121 4458 1222 4500 me
1267 4436 1688 4519 loquebantur
1734 4447 1797 4501 et
1846 4437 2062 4520 iniqui
2086 4449 2235 4520 per-

1462 4580 1482 4631 ΙΙ
1506 4574 1591 4624 fol.
1627 4591 1646 4625 ι
1655 4589 1702 4637 3.

1029 4736 1048 4768 ¹
1081 4736 1208 4786 This
1239 4736 1403 4787 rubric
1437 4737 1480 4786 is
1513 4735 1709 4802 partiali
1776 4736 2092 4787 obliterated.

1675 4004 1991 4067 clamauit
2099 4025 2242 4067 uoce
2336 4005 2561 4068 ueniat
2593 4003 2996 4086 sempiterna
3034 4027 3049 4068 ε
3079 4024 3210 4086 per.

2810 4184 3134 4232 ΒΕΟΗΕΤΑ.

2323 4296 2414 4426 S
2442 4296 2668 4378 uscipe
2715 4315 2990 4358 munera
3035 4296 3309 4360 domine
3353 4318 3528 4379 quae
3577 4298 3641 4360 in

2487 4382 2627 4445 eius
2658 4382 2779 4446 tibi
2813 4383 3215 4446 solennitate
3245 4384 3644 4448 deferimuS.

2336 4470 2524 4532 cuius
2606 4490 2728 4532 nos
2801 4469 3200 4534 confidimus
3275 4472 3645 4553 patrocinio

2334 4554 2598 4620 liberari
2629 4607 2642 4621 .
2676 4577 2794 4638 per
2822 4557 3187 4620 dominum.

1029 4800 1050 4831 ²
1085 4803 1238 4851 Some
1258 4803 1318 4851 of
1333 4802 1430 4852 this
1452 4802 1579 4851 later
1600 4819 1704 4851 wor
1741 4837 1755 4860 ‚
1781 4803 1968 4852 carried
1995 4802 2070 4851 far
2090 4803 2240 4851 down
2266 4803 2373 4851 into
2394 4801 2481 4852 the
2502 4802 2657 4851 lower
2680 4801 2873 4866 margin
2895 4801 2955 4851 of
2969 4802 3053 4851 fol.
3090 4818 3147 4853 η
3161 4819 3235 4860 v.‚
3258 4802 3302 4852 is
3323 4803 3639 4854 obliterated.

1031 4865 1053 4898 ³
1088 4868 1158 4916 At
1189 4867 1288 4915 this
1316 4868 1458 4931 place
1489 4866 1574 4917 the
1607 4868 1985 4916 memorandum
2019 4871 2093 4919 ⁶5.
2135 4868 2342 4917 Mathei.
2392 4867 2605 4917 Dicebat
2635 4869 2685 4916 d.
2720 4869 2751 4916 i.
2782 4868 2939 4917 turbis
2969 4868 3226 4918 iudeorum
3245 4866 3258 4888 '
3293 4869 3336 4917 is
3365 4885 3644 4919 accommo-

934 4932 1083 4980 dated
1110 4932 1159 4980 in
1183 4932 1267 4981 the
1290 4941 1431 4981 outer
1454 4933 1665 4995 marg-in,
1689 4934 1982 4997 apparently
2005 4949 2062 4982 as
2082 4948 2146 4981 an
2170 4932 2524 4996 afterthought.

1031 4995 1054 5027 ⁴
1085 4995 1198 5045 The
1227 5013 1422 5046 erasure
1451 5012 1517 5045 on
1552 4997 1714 5046 which
1745 4997 1844 5046 this
1874 4999 1999 5047 later
2029 4998 2167 5046 work
2200 4998 2242 5046 is
2266 4997 2477 5057 written,
2515 5013 2567 5047 η
2588 5015 2635 5046 v.
2666 4995 2905 5061 (15)-—-13
2939 4996 3009 5061 (6)
3044 4999 3233 5047 reveals
3264 4999 3478 5063 nothing
3503 5001 3589 5048 but
3615 5017 3644 5048 a

935 5061 1030 5110 few
1064 5068 1222 5111 traces
1254 5062 1312 5110 of
1351 5061 1610 5111 vermilion
1649 5078 1714 5110 on
1761 5079 1816 5112 12
1841 5079 1889 5112 v.
1932 5063 1977 5125 (ι
1987 5064 2053 5126 5),
2090 5064 2176 5112 the
2214 5063 2378 5112 rubric
2417 5063 2477 5112 os
2511 5064 2597 5113 the
2641 5064 3078 5112 postcommunion
3117 5081 3181 5112 on
3232 5081 3248 5114 ι
3259 5079 3287 5128 3
3332 5065 3418 5128 (3).
3457 5066 3556 5114 and
3595 5076 3645 5114 at

935 5127 1020 5175 the
1042 5127 1314 5191 beginning
1337 5127 1395 5176 of
1418 5143 1472 5188 ¹3
1497 5127 1568 5190 (4)
1593 5127 1678 5177 the
1700 5128 1860 5177 initial
1882 5131 1947 5176 A.
