4109 6275
676 793 867 848 DOMINICA
892 799 1227 857 RESURRECTIONIS.
1588 817 1628 884 45
1654 868 1655 871 ,

269 960 282 1044 ΙΙ
436 965 530 1031 EUS
553 968 636 1050 QVI
662 972 925 1038 HODIERNA
1156 1000 1454 1055 eosrcoruuunro,

457 1054 543 1152 DIE
591 1057 682 1121 PER
730 1063 925 1126 VNIGENI-
1032 1080 1163 1145 Piritum
1186 1084 1283 1147 nobis
1303 1085 1632 1154 dominetuaccari·

457 1156 534 1204 TVM
588 1159 692 1208 TVVM
744 1162 926 1214 AETERNr-
961 1165 965 1172 '
1051 1169 1131 1231 tatis
1161 1170 1375 1239 infunde.ut
1404 1196 1489 1259 quos
1524 1198 1632 1243 sacra·

458 1242 566 1294 TATIS
618 1246 728 1297 NOBIS
776 1251 925 1302 ADITUM
978 1256 1100 1319 mentis
1137 1258 1352 1340 paschalibus
1388 1265 1517 1328 satiasti
1542 1314 1550 1331 .
1574 1277 1632 1331 tua

270 1314 403 1378 deuicta
456 1328 564 1382 morte
617 1324 788 1423 reserasti:
847 1336 927 1389 [10ῒὸ
978 1339 1080 1406 iacias
1110 1345 1237 1427 pietate
1272 1353 1475 1416 concordes:
1499 1373 1580 1436 per.
1597 1356 1630 1417 in

271 1411 384 1465 nostra
402 1424 490 1486 quae
508 1411 757 1489 praeueniendo
775 1413 925 1495 aspiras.
978 1431 1106 1495 unitate
1121 1433 1279 1500 eiusdem,

270 1490 372 1553 etiam
403 1492 597 1558 adiuuando
623 1517 837 1581 prosequere:
867 1522 927 1584 per

270 1578 414 1642 eundem
437 1580 623 1648 dominum.

516 1719 679 1770 εεοηετΑ,
1197 1696 1336 1757 Penta
1351 1747 1356 1760 .
1373 1700 1413 1761 ll.

269 1797 925 1933 Susctrsstquaesumusdominepreces

344 1878 457 1961 populi
496 1883 546 1944 tui
582 1903 659 1947 cum
698 1885 925 1951 oblationibus

270 1965 454 2031 hostiarum
471 2016 478 2031 .
495 1979 532 2032 ut
556 1970 770 2053 paschalibus
793 1975 926 2039 initiata
1235 1995 1374 2047 Quarto,

270 2055 439 2135 mysteriis
465 2104 473 2120 .
500 2058 543 2120 ad
581 2060 790 2124 aeternitatis
827 2063 925 2126 nobis
1054 2113 1122 2164 ΕΗΒ
1153 2116 1220 2180 Qut
1251 2118 1517 2174 SOLENNITATE
1551 2127 1630 2178 Pas·

270 2141 435 2205 medelam
467 2152 501 2206 te
531 2157 693 2229 operante
727 2147 927 2231 proficiant:
983 2117 1046 2246 D
1073 2201 1189 2254 CHALI
1217 2195 1344 2258 mundo
1375 2199 1523 2273 remedia
1552 2221 1631 2264 con.

269 2248 328 2310 Ρεἴ
343 2229 526 2296 dominum·
975 2273 1099 2340 tulisti:
1122 2278 1284 2361 populum
1308 2292 1403 2348 tuum
1427 2305 1630 2374 quaesumus

485 2362 709 2415 ΡΒΑΕΡΗΑΤΙΟ.
974 2362 1110 2427 caelesti
1145 2367 1237 2430 dono
1271 2388 1502 2454 prosequere.
1527 2386 1563 2441 ut
1595 2387 1631 2441 et

274 2443 421 2574 Uenu
442 2447 597 2499 monuit
619 2450 812 2503 acaunus.
826 2439 871 2503 Et
890 2450 924 2505 te
974 2449 1158 2532 perfectam
1218 2455 1406 2523 libertatem
1468 2466 1628 2547 consequi

369 2521 507 2603 quidem
523 2524 790 2607 omnitempore:
813 2528 922 2592 sedin
975 2540 1190 2620 merelatur.
1207 2553 1242 2607 et
1271 2546 1314 2609 ad
1342 2547 1447 2612 uitam
1477 2550 1630 2631 proficiat

268 2606 332 2671 hoc
347 2608 557 2690 potissimum
574 2611 629 2675 die
641 2611 817 2695 gloriosius
830 2635 923 2698 prae·
974 2628 1233 2709 sempiternam:
1257 2652 1325 2715 per.

267 2696 402 2759 dicare.
420 2717 497 2760 curn
525 2699 651 2780 pascha
677 2711 830 2767 nostrum
862 2704 923 2767 im-

270 2784 414 2847 molatus
449 2795 501 2849 est
533 2786 676 2851 christus
697 2839 704 2852 .
726 2801 800 2873 lpse
833 2792 922 2855 enim
975 2784 1140 2919 SUSCiPe
1155 2793 1518 2869 (luaeSUfflUSdOmlne-

269 2891 367 2934 uerus
413 2881 464 2936 est
509 2893 636 2956 agnus:
681 2877 739 2959 qui
783 2878 923 2944 abstulit

268 2968 407 3040 peccata
434 2961 551 3024 mundi
567 3011 574 3024 .
590 2964 649 3040 Qui
678 2975 820 3028 mortem
848 2986 922 3030 nos·
1191 3004 1413 3058 ρῃΑΕρΗΑῃο,

268 3056 355 3109 tram
372 3048 547 3112 moriendo
562 3049 742 3116 destruxit:
765 3063 798 3116 et
816 3054 921 3118 uitam

268 3136 471 3218 resurgendo
508 3138 702 3222 repalrauit.
766 3152 807 3206 Et
846 3142 923 3208 ideo
975 3104 1061 3234 Te
1077 3103 1330 3187 ‘mmmmm‘

267 3241 344 3285 curn
359 3222 511 3306 angelis

541 3329 648 3381 tufan.
975 3314 1328 3447 communicantes.

330 3400 599 3466 ommunicantes
629 3414 663 3468 et
694 3404 784 3469 diem
812 3426 922 3472 sacra·

352 3487 519 3552 tissimum
538 3489 745 3556 celebrantes
761 3513 921 3558 resurrec-

268 3572 369 3637 tionis
398 3576 528 3640 domini
564 3578 669 3642 nostri
701 3580 777 3644 lesu
807 3581 921 3647 christi
1136 3640 1144 3653 .
1172 3640 1179 3654 .
1348 3645 1356 3660 ,

267 3662 451 3727 secundum
474 3684 608 3729 carnem
625 3717 632 3731 .
648 3667 709 3731 sed
737 3678 771 3732 et
795 3688 922 3733 memo·
979 3645 1119 3774 Hane
1136 3650 1237 3722 'gum
1251 3642 1371 3708 ΟΜΝ·

268 3748 350 3813 riam
367 3760 564 3815 uenerantes
580 3753 612 3817 in
629 3755 744 3836 primis
755 3755 922 3838 gloriosae

1073 1846 1102 1903 Ᾰ,
1142 1846 1299 1902 lntroduxit
1318 1866 1371 1903 uos
1389 1850 1529 1909 dominus.

1247 3540 1346 3593 ΙΝΡΒΑ

267 3856 400 3920 semper
422 3838 559 3922 uirginis
583 3854 730 3905 MARIAE
751 3844 921 3926 genitricis
972 3864 1160 4002 Spiritum
1178 3869 1274 3933 nobis
1289 3872 1434 3938 domine,

267 3922 415 3989 eiusdem
437 3927 492 3990 dei
512 3937 547 3992 et
569 3928 697 3993 domini
721 3932 824 3995 nostri
846 3946 920 3997 lesu

267 4011 380 4077 christi
397 4062 404 4076 .
420 4014 482 4077 sed
498 4021 533 4079 et
548 4015 732 4082 beatorum.

543 4140 637 4190 iren.
800 4162 804 4169 ·
1185 4135 1416 4201 ΡΕΒΙΑΛΙΙ.

349 4244 412 4287 anc
443 4224 544 4307 igitur
577 4226 783 4292 oblationem
819 4230 920 4294 serui·

371 4311 453 4376 tutis
477 4320 611 4377 nostrae
633 4314 692 4379 sed
719 4325 754 4380 et
779 4325 921 4382 cunctae

267 4394 412 4462 familiae
439 4410 517 4464 tuae
539 4420 641 4484 quam
665 4402 726 4467 tibi
749 4401 921 4470 offerimus
1047 4442 1117 4494 Eus
1147 4443 1215 4508 QUI
1246 4446 1479 4499 Assccbssslnnr
1516 4450 1623 4502 TUAM

267 4504 327 4586 pfo
357 4485 408 4549 ΜΒ
438 4506 572 4570 q⁰0q1¹e
605 4509 690 4573 quos
725 4510 920 4574 regenerare
1069 4529 1174 4582 nouo
1197 4533 1344 4584 seusun
1367 4536 1489 4588 rauru
1512 4526 1624 4589 multi-

265 4572 425 4655 d'gflatuss
455 4595 491 4676 ‘3⁵
526 4596 571 4639 ex
607 4597 696 4679 ³9⁰²
732 4588 770 4681 et,
801 4579 918 4680 {piritu
969 4603 1093 4686 plicas:
1127 4608 1274 4672 concede
1304 4607 1438 4674 famulis
1467 4613 1562 4676 tuis.
1587 4624 1624 4678 ut

266 4670 383 4724 sancto
403 4711 410 4725 .
431 4663 581 4727 tribuens
611 4685 659 4729 ers
689 4685 918 4731 remissionem
969 4702 1216 4758 sacramentum
1259 4696 1406 4761 uiuendo
1447 4707 1585 4765 teneant
1616 4751 1623 4767 ,

265 4749 668 4901 gffnffiglutpefflwmffl
687 4803 694 4816 ·
714 4766 918 4831 Quaesumus
968 4782 1059 4862 quod
1084 4779 1150 4845 fide
1172 4796 1411 4868 perceperunt:
1434 4806 1495 4870 per
1515 4787 1624 4852 domi·

969 4887 1059 4934 num.

413 4928 479 5007 nior.
493 4948 534 5014 4⁶.
635 4951 771 5014 licimo.
1235 4956 1356 5022 tranq.

1131 4280 1160 4337 Ᾰ.
1193 4289 1280 4361 Aqua
1298 4289 1462 4362 sapientiae

312 5078 321 5111 ¹
341 5081 372 5130 ln
389 5082 432 5131 the
447 5083 543 5147 margin
559 5085 675 5148 opposite
691 5085 733 5135 the
747 5085 799 5134 line
814 5085 950 5152 beginmng
968 5086 1027 5137 with
1044 5087 1093 5137 this
1108 5088 1254 5139 word-rol.
1274 5105 1314 5154 47,
1328 5091 1372 5141 lin.
1392 5093 1484 5155 3-tbe
1500 5094 1623 5160 principal

265 5147 358 5197 reviset
369 5146 414 5197 bas
425 5149 525 5199 wnuen
538 5149 598 5199 ‘bac
608 5149 650 5199 dic
662 5165 712 5199 non
723 5150 830 5200 dicimus
840 5153 1054 5204 communicantes
1064 5169 1111 5203 nec
1122 5154 1187 5205 hanc
1198 5155 1289 5220 igitur!
