4109 6275
427 788 488 852 144

421 964 563 1045 gratiam
580 964 776 1028 obtineant.
793 964 837 1047 let
857 963 999 1047 gloriam
1021 984 1075 1028 ae·

421 1060 535 1114 ternae
552 1050 719 1114 felicitatis
735 1052 914 1134 adquirant
930 1100 937 1116 .
954 1072 1020 1134 per.

598 1196 888 1247 POSTOOMMUNlO

427 1275 589 1410 Diuina
616 1275 758 1340 libantes
785 1277 944 1359 mysteria
974 1298 1074 1361 quae-

519 1383 633 1426 sumus
659 1365 796 1427 domine
820 1374 857 1429 ut
882 1364 964 1428 haec
988 1365 1075 1428 salu-

421 1449 506 1513 taria
525 1460 733 1515 sacramenta
752 1450 816 1514 illis
836 1451 1010 1533 proficiant
1031 1452 1074 1517 ad

423 1538 675 1620 prosperitatem
697 1550 731 1602 et
755 1559 871 1620 pacem
889 1589 895 1603 .
912 1560 972 1621 pro
993 1560 1075 1622 quo-

422 1630 510 1687 rum¹
540 1646 748 1708 quarumque
778 1625 957 1690 dilectione
992 1628 1075 1690 haec

421 1721 500 1776 tuae
514 1712 696 1776 obtulimus
714 1713 879 1777 maiestati
899 1735 987 1797 :pen

443 1908 591 1969 missa
624 1910 716 1971 PRO
750 1911 1050 1975 ΡΕΝΙΤΕΝΤΕ.

421 2021 688 2155 Omnipotens
738 2019 940 2099 sempiterne
991 2018 1075 2080 deus

517 2107 689 2170 confitenti
713 2106 774 2169 tibi
798 2105 924 2168 famulo
947 2114 1006 2169 tuo
1028 2118 1074 2167 .N.

423 2214 483 2276 pro
499 2203 557 2258 tua
578 2196 703 2276 pietate
724 2202 862 2276 peccata
884 2191 998 2255 relaxa
1013 2241 1021 2256 .
1038 2201 1075 2255 ut

423 2302 488 2344 non
528 2281 603 2364 plus
640 2283 670 2344 ei
705 2281 816 2344 ualeat
849 2280 1075 2343 conscientiae

422 2378 533 2431 reatus
564 2371 605 2433 ad
637 2388 807 2452 paenam.
829 2387 930 2450 quam
967 2366 1075 2430 indul·

421 2457 534 2537 gentia
564 2466 642 2519 tuae
672 2455 806 2538 pietatis
836 2456 878 2518 ad
910 2454 1075 2518 ueniam:

420 2563 480 2625 per
500 2543 683 2607 dominum.

664 2704 828 2753 securta.

424 2783 590 2915 Praesta
625 2790 827 2855 quaesumus
860 2771 1075 2854 omnipotens

503 2869 537 2924 et
568 2861 751 2923 misericors
786 2859 899 2922 deus.
923 2868 960 2922 ut
993 2859 1076 2922 haec

421 2947 576 3012 salutaris
613 2947 741 3011 oblatio
779 2945 940 3010 famulum
980 2955 1074 3009 tuum

421 3049 466 3100 .Ν.
493 3046 527 3098 et
554 3056 574 3099 a
604 3035 746 3119 propriis
776 3034 923 3097 reatibus
953 3033 1075 3097 indesi-

422 3133 538 3188 nenter
567 3123 727 3206 expediat
751 3173 758 3187 .
781 3131 815 3186 ct
846 3121 889 3185 ab
919 3121 1075 3184 omnibus

420 3222 553 3275 tueatur
574 3210 723 3274 aduersis
739 3235 746 3274 :
762 3230 828 3293 per.

594 3367 893 3418 ΡοετοοΜΜυΝιο.

419 3439 685 3578 Omnipotens
715 3446 748 3500 et
780 3436 964 3500 misericors
991 3436 1074 3498 deus

515 3527 571 3609 qui
591 3545 725 3588 omnem
746 3525 893 3588 animam
913 3521 1074 3587 confiten-

421 3623 490 3678 tem
532 3622 566 3676 et
607 3612 833 3695 paenitentem
876 3612 984 3694 magis
1024 3611 1075 3673 uis

335 3779 339 3787 Ι
420 3700 599 3764 emendare
625 3719 726 3781 quam
754 3699 891 3780 perdere
917 3697 1074 3781 :respice

418 3788 583 3870 propitius
604 3806 704 3869 super
724 3785 886 3849 famulum
911 3794 1005 3849 tuum
1027 3798 1073 3848 .N.

419 3885 453 3940 et
470 3896 528 3958 per
543 3874 626 3937 haec
641 3884 849 3937 sacramenta
861 3893 948 3955 quae
960 3892 1074 3955 sump-

419 3963 524 4026 simus
539 3971 654 4025 auerte
666 3962 710 4025 ab
721 3981 762 4025 eo
774 3960 857 4024 iram
870 3959 1073 4043 indignanti·

419 4051 493 4113 onis
520 4060 597 4115 tuae
613 4099 620 4112 .
636 4059 670 4112 et
700 4050 813 4111 omnia
844 4057 982 4130 peccata
1012 4067 1074 4110 sua

420 4138 449 4201 ei
466 4138 598 4200 dimitte
617 4160 624 4199 :
639 4157 705 4219 per.

493 4332 697 4393 oournn
734 4333 990 4395 nnerones

583 4415 905 4498 neocaesme.

417 4530 626 4666 Concede}
656 4529 753 4592 nobis
789 4527 1003 4610 omnipotens
1039 4535 1073 4590 et

504 4617 683 4681 iustissrme
712 4616 795 4678 deus
818 4663 825 4678 .
848 4614 938 4696 apud
971 4634 1072 4695 quem

421 4705 511 4770 nulla
540 4715 591 4768 est
621 4704 858 4787 iniquitas.ut
888 4701 944 4784 qui
974 4702 1073 4764 huius

538 4841 598 4903 lsol.
616 4853 695 4902 1571).
822 4843 832 4897 ΙΙ
844 4837 887 4887 iol.
903 4839 957 4901 158.

878 783 987 835 MISSA
1012 783 1083 835 PRO
1108 783 1332 836 ΡΕΝΙΤΕΝΤΕ.
1355 783 1358 787 ’

1127 964 1306 1027 sanctuarii
1329 965 1378 1027 tui
1401 963 1647 1047 possessionem
1670 963 1785 1045 diripi·

1128 1061 1189 1114 unt
1212 1061 1313 1134 atque
1333 1052 1523 1135 diripiendo
1546 1052 1733 1115 inuadunt.
1750 1059 1785 1112 te

1128 1140 1307 1202 miserante
1322 1139 1419 1202 celeri
1438 1138 1665 1203 satisfactione
1684 1137 1784 1200 corri-

1127 1236 1272 1309 gantur.
1290 1246 1356 1309 per.

1373 1406 1538 1457 secum.

1210 1506 1313 1569 ostias
1337 1505 1397 1570 tibi
1421 1505 1558 1568 domine
1585 1502 1786 1586 placationis

1229 1602 1263 1657 et
1301 1593 1409 1657 laudis
1445 1590 1645 1656 offerimus.
1669 1600 1784 1672 postu-

1128 1679 1235 1745 lantes
1274 1690 1310 1743 ut
1347 1700 1432 1763 quos
1470 1679 1623 1742 inimicus
1657 1678 1699 1741 ad
1735 1678 1784 1739 in-

1128 1769 1317 1831 uadendam
1355 1777 1390 1830 et
1427 1766 1650 1849 diripiendam
1688 1785 1784 1827 sanc-

1127 1855 1223 1918 tuarii
1255 1855 1302 1919 tui
1334 1854 1579 1937 possessionem
1609 1852 1785 1917 suadendo

1127 1942 1297 2006 attraxit.
1319 1951 1354 2005 tu
1386 1942 1576 2005 miserando
1606 1941 1752 2021 corrigas
1777 1961 1784 2000 :

1127 2051 1194 2112 per.

1302 2171 1600 2222 POSTOOMMUNlO.

1132 2283 1276 2412 Preces
1288 2281 1419 2336 nostras
1431 2291 1634 2354 quaesumus
1645 2272 1783 2334 domine

1207 2358 1359 2442 placatus
1388 2358 1587 2423 exaudi.et
1616 2359 1707 2441 quod
1738 2359 1782 2422 de

1127 2445 1269 2510 inimicis
1305 2456 1340 2511 et
1377 2446 1565 2529 raptoribus
1602 2446 1784 2509 aecclesiae

1126 2544 1204 2598 tuae
1219 2544 1355 2598 sanctae
1369 2535 1588 2616 deprecamur
1602 2543 1784 2596 consuetae

1128 2620 1372 2685 misericordiae
1410 2621 1588 2685 uelocitate
1625 2619 1784 2703 perficere

1127 2728 1193 2771 non
1210 2709 1366 2772 desinas.
1384 2729 1450 2791 per.

1126 2958 1217 3019 ufto
1260 2959 1571 3030 QUACUNQUE
1614 2964 1779 3025 Tatau-

1337 3043 1567 3106 [ΑΤΙΟΝΕ.

1129 3190 1407 3321 INEFFABILEM
1441 3177 1701 3241 misericordiam
1728 3188 1783 3241 tu·

1187 3284 1242 3327 am
1274 3264 1370 3327 nobis
1405 3284 1609 3347 quaesumus
1644 3265 1782 3328 domine

1125 3350 1307 3415 clementer
1325 3352 1465 3415 ostende
1483 3362 1543 3416 :ut
1563 3351 1662 3416 simul
1683 3372 1746 3415 nos
1761 3372 1782 3415 a

1125 3439 1271 3521 peccatis
1284 3439 1440 3502 omnibus
1452 3460 1559 3502 exuas
1569 3487 1576 3502 .
1586 3448 1620 3503 et
1633 3460 1652 3502 a
1665 3440 1782 3524 paenis

1125 3545 1209 3609 quas
1239 3546 1300 3609 pro
1330 3526 1381 3589 his
1417 3546 1584 3590 meremur
1616 3527 1782 3608 benignus

1125 3613 1246 3695 eripias
1264 3633 1272 3677 ε
1287 3633 1354 3695 per.

1125 3817 1325 3949 {purificet
1342 3839 1403 3882 nos
1418 3839 1622 3901 quaesumus
1643 3820 1781 3883 domine

1220 3906 1365 3969 muneris
1381 3907 1566 3989 praesentis
1582 3907 1709 3971 oblatio
1725 3958 1731 3970 .
1744 3916 1779 3971 et

1124 3992 1246 4076 dignos
1283 4014 1376 4057 sacra
1413 3994 1669 4076 participatione
1705 4015 1781 4077 per·

1126 4078 1239 4144 ficiant
1255 4103 1262 4143 :
1278 4101 1345 4163 per.

1299 4259 1597 4310 postcommunio,

1128 4368 1293 4500 Praesta
1328 4379 1533 4442 quaesumus
1565 4360 1781 4442 omnipotens

1204 4447 1307 4511 deus.
1321 4456 1356 4510 ut
1372 4448 1512 4510 terrenis
1527 4446 1702 4511 aflectibus
1717 4467 1780 4511 ex-

1125 4535 1207 4618 piati
1239 4583 1245 4597 .
1275 4535 1318 4597 ad
1356 4535 1490 4616 superni
1534 4536 1779 4617 plenitudinem

1125 4623 1219 4686 cuius
1239 4620 1417 4684 libauimus
1437 4630 1554 4685 sancta
1576 4624 1780 4686 tendamus:

1125 4729 1191 4793 per.

1371 4835 1432 4898 llol,
1449 4838 1495 4899 158
1506 4852 1532 4887 v.

470 4999 479 5031 ¹
498 5000 528 5049 ln
548 4999 591 5049 the
609 5007 680 5048 outer
699 4999 797 5063 margin
817 4997 847 5047 ol
864 5011 907 5060 ¹57
919 5013 943 5047 v.
962 4994 1049 5059 (1-4)
1069 4994 1174 5044 arethe
1194 5002 1274 5044 traces
1293 4993 1322 5043 oi
1338 4993 1481 5058 something
1499 4993 1568 5060 quite
1587 4994 1777 5047 irrecoverable.

421 5067 445 5117 It
457 5082 516 5123 was,
529 5065 696 5130 presumably,
709 5065 751 5114 the
764 5063 984 5113 Postcommuuion
996 5061 1026 5110 os
1034 5061 1077 5110 the
1089 5060 1159 5109 Mass
1170 5060 1253 5136 begun
1265 5075 1298 5108 on
1310 5060 1353 5108 the
1364 5059 1480 5124 previous
1491 5074 1562 5125 pege.

468 5130 479 5161 ²
496 5130 551 5179 The
563 5145 630 5179 same
642 5129 713 5179 mark
724 5146 752 5179 as
763 5137 789 5179 at
805 5144 851 5190 ¹40
857 5146 882 5179 v.
897 5127 949 5192 (13)
962 5131 987 5176 ln
999 5126 1043 5176 the
1054 5135 1126 5175 outer
1137 5140 1233 5189 margm
1244 5123 1274 5173 os
1286 5127 1331 5187 158
1342 5125 1377 5186 (a,
1389 5126 1424 5189 3).
