4109 6275
461 756 503 836 78
851 765 1023 817 sauctae
1046 765 1226 816 astruas
1251 764 1430 816 utamurs.

461 943 684 1028 archipresule
722 955 941 1008 LAURENtto
978 944 1117 1007 interce·
1167 943 1319 1008 nandum
1329 963 1426 1006 suum
1436 942 1627 1007 altissimus.
1664 942 1823 1008 Alleluia

461 1034 563 1096 dente
593 1082 599 1095 .
631 1034 674 1096 ad
711 1031 834 1113 gaudia
871 1040 1007 1094 aeterna
1044 1050 1118 1113 per-
1175 1033 1251 1096 ls'rrr
1318 1028 1405 1095 Ueni
1438 1030 1533 1094 electa
1596 1031 1692 1093 Tract
1754 1028 1826 1108 Qut

462 1119 564 1183 ducat
582 1143 589 1182 :
605 1140 673 1203 per.
1166 1119 1331 1182 seminant
1366 1118 1403 1182 in
1439 1117 1586 1181 lacrimis
1624 1117 1659 1180 in
1695 1117 1823 1201 gatcdio

1169 1216 1292 1270 metent.
1360 1206 1436 1269 Vrrr
1497 1205 1625 1269 Euntes
1645 1204 1754 1269 'ibant
1791 1214 1824 1268 et

475 1320 703 1382 5ΑΝΟΤΑΕ
735 1319 966 1380 Amr-[HM
1000 1320 1096 1380 Um,
1157 1292 1601 1376 fiebantmittentessemina
1620 1314 1690 1356 stra.
1743 1292 1821 1355 Vtra·

704 1403 864 1465 (ῥύμης
1177 1380 1342 1445 Venientes
1361 1391 1469 1445 autem
1493 1380 1622 1444 uenient
1641 1380 1820 1444 cummil-

1167 1469 1289 1533 tacione
1317 1477 1487 1551 portantes
1527 1467 1709 1550 manipulos
1747 1488 1822 1531 artos

1164 1580 1276 1620 cervari.
1315 1555 1434 1620 Simile
1442 1565 1685 1638 estregrmmce.
1721 1555 1819 1634 assor

467 1650 606 1783 DEUS
629 1650 696 1715 QUI
722 1650 837 1699 tNTER
860 1650 1032 1700 CAETERA
1059 1648 1115 1699 PO-
1170 1644 1357 1726 Offirentur
1393 1643 1464 1725 regi
1498 1642 1645 1725 uirgines
1673 1643 1822 1725 proxim

558 1737 723 1787 TENTIAE
776 1738 878 1787 TUAE
934 1722 1116 1786 eracula·
1166 1729 1500 1813 eiusofflrenturtibi
1512 1729 1546 1793 in
1561 1730 1668 1793 letz’cia
1684 1738 1716 1794 et
1734 1729 1819 1792 exul·

463 1813 565 1875 etiam
605 1812 636 1873 in
671 1832 756 1874 sexu
795 1811 901 1893 fragili
941 1812 1116 1874 uictoriam
1167 1819 1288 1883 tamne
1305 1818 1508 1881 adducentur
1526 1817 1560 1881 in
1581 1818 1733 1899 emplum
1752 1819 1823 1898 regi

463 1899 612 1981 martyrii
643 1900 812 1962 contulisti
835 1950 840 1961 .
862 1898 1010 1961 'concede
1042 1919 1117 1981 pro·
1166 1906 1302 1969 domino,
1359 1929 1424 1968 som
1480 1902 1549 1982 Qui
1581 1924 1631 1968 me
1664 1905 1820 1986 demtus

462 1987 564 2069 pitius
581 2011 587 2049 :
604 1985 651 2070 lut
667 1986 761 2048 cuius
780 1986 936 2049 natalicia
952 1985 1117 2049 colimus.
1165 2004 1213 2057 est
1241 1993 1283 2057 ab
1312 1992 1403 2056 omni
1423 1992 1526 2074 plaga
1555 2013 1672 2054 curare
1695 2002 1727 2055 et
1751 2013 1818 2054 m.

463 2094 522 2155 per
536 2075 606 2136 eius
622 2073 664 2136 ad
681 2085 714 2136 te
729 2073 889 2156 exempla
904 2072 1115 2154 gradiamur:
1168 2080 1294 2144 nrillam
1313 2101 1419 2144 meam
1438 2100 1505 2143 meo
1518 2079 1644 2163 pectori
1656 2079 1819 2142 restituere

463 2181 529 2243 per·
1167 2168 1272 2250 ipsum
1288 2168 1323 2231 r'n
1340 2189 1413 2232 uoco
1428 2167 1523 2232 dmm
1538 2167 1664 2232 uiuum.

707 2266 870 2313 SECRETA·
1346 2304 1643 2353 postcommunio

461 2351 628 2481 suscipe
650 2353 786 2470 d0¹f¹i¹¹⁸
810 2373 948 2416 munera
970 2373 1058 2453 ‘19³²
1083 2353 1115 2415 in
1172 2387 1409 2520 Auxilientur
1423 2386 1521 2451 nobis
1535 2386 1673 2449 domine
1685 2395 1818 2468 sumpta

536 2441 654 2505 beatae
670 2454 849 2504 aoATHAE
866 2450 1022 2522 martyris
1039 2451 1117 2503 tuae
1261 2475 1422 2558 mysteria
1457 2524 1464 2539 ·
1499 2484 1533 2538 et
1592 2472 1819 2536 intercedente

461 2528 663 2628 ”lennltate
698 2527 878 2629 desesim?
900 2578 907 2591 ·
930 2528 1024 2628 qums
1056 2547 1116 2627 3¹⁰³
1167 2563 1266 2627 beata
1281 2576 1437 2626 AGATHA
1450 2574 1596 2644 martyre
1612 2561 1818 2641 tua.sempi-

461 2613 662 2678 ⁶⁰⁰fid¹¹m¹⁵
700 2625 887 2699 Pat¹⁰C¹¹¹¹⁰
934 2614 1064 2678 hbesan
1109 2637 1116 2678 ²
1166 2660 1260 2715 terna
1291 2650 1499 2733 protectione
1524 2648 1819 2729 confirment:per

462 2723 530 2785 per·
1165 2739 1363 2802 dominum

528 2877 545 2910 ,
737 2867 768 2902 ,,
925 2870 932 2883 .
1073 2870 1079 2883 .

466 2870 1118 3038 Οῇἔῖαῗρκῇᾜὸζζηζωζξῖ
1191 2921 1418 2984 sauctae
1456 2921 1798 2982 scotasrrcae

462 3043 579 3109 honore
592 3044 708 3127 agathe
724 3043 875 3107 martiris
888 3044 927 3107 de
942 3044 1035 3108 cuius
1047 3055 1074 3127 p
1087 3054 1119 3108 et
1379 3003 1420 3063 ω
1434 3003 1510 3063 ΗΘ,
1523 3004 1547 3061 Ν
1560 3005 1613 3064 15·

461 3142 570 3197 cetera.
635 3131 681 3193 Pr
744 3131 927 3196 Eructauit.
985 3137 1115 3214 epistola
1424 3123 1563 3173 ORWO'

465 3219 645 3304 confitebor
696 3221 728 3280 in
782 3222 949 3283 [animani.
1022 3223 1119 3283 Gaul
1241 3231 1311 3282 sus
1327 3231 1394 3295 Qut
1411 3229 1557 3280 amaras
1572 3228 1820 3281 scotasrtcaa

461 3306 651 3371 Adiuuabit
667 3329 739 3371 eam
758 3307 837 3370 deus
857 3307 951 3371 uultu
968 3328 1026 3369 suo
1040 3307 1118 3370 deus
1275 3304 1413 3387 uirginis
1453 3313 1531 3367 tuae
1571 3304 1719 3367 animam
1761 3304 1819 3383 lad

463 3395 498 3457 in
535 3394 637 3458 medio
670 3394 740 3457 eius
771 3414 834 3458 non
863 3393 1116 3458 commonebitur.
1167 3392 1410 3456 ostendendam
1435 3391 1646 3454 innocentiae
1670 3392 1761 3454 uiam
1786 3391 1818 3453 in

469 3476 548 3538 l'crs
610 3480 775 3545 Fluminis
811 3481 948 3563 impetus
986 3481 1119 3564 letificat
1167 3480 1343 3543 columbae
1365 3478 1476 3562 specie
1495 3478 1625 3541 caelum
1647 3487 1820 3561 penetrare

461 3569 626 3632 ciuitatem
667 3568 722 3631 dei
759 3568 977 3651 sanctificarit
1014 3568 1115 3632 taber·
1168 3567 1451 3631 fecistizconcede
1467 3566 1565 3629 nobis
1577 3566 1681 3648 ipsius
1694 3566 1820 3629 meritis

720 3697 780 3757 lfol.
796 3712 827 3764 79
835 3713 859 3747 v.
1432 3702 1442 3756 ΙΙ
1455 3696 1497 3746 fol.
1512 3698 1551 3748 8ο.

596 1518 626 1576 Ᾰ.
666 1521 851 1575 Gaudeamus
870 1537 978 1575 omnes.

511 3837 520 3868 ¹
538 3840 561 3889 Α
579 3839 703 3890 reference
720 3840 789 3889 mark
807 3841 896 3905 placed
913 3840 998 3890 before
1015 3841 1059 3891 the
1075 3840 1129 3890 title
1146 3839 1175 3890 of
1188 3840 1238 3890 this
1256 3840 1325 3889 Mass
1340 3840 1433 3889 directs
1448 3855 1477 3888 us
1491 3847 1519 3890 to
1533 3838 1576 3888 the
1592 3838 1722 3903 following
1736 3838 1762 3887 in
1778 3838 1820 3888 the

462 3914 533 3955 outer
545 3906 650 3970 margin.
685 3907 710 3955 lt
725 3906 746 3955 is
762 3906 787 3955 in
802 3906 897 3956 sixteen
913 3905 982 3955 short
998 3906 1061 3956 lines
1075 3906 1125 3955 and
1141 3906 1246 3956 extends
1260 3905 1323 3955 from
1335 3906 1378 3956 the
1389 3905 1461 3955 ninth
1473 3915 1499 3954 to
1511 3905 1554 3955 the
1564 3904 1708 3968 eighteenth
1721 3903 1785 3953 lines
1795 3903 1824 3952 of

462 3971 505 4022 the
516 3970 599 4035 ruling
609 3971 638 4021 of
651 3971 694 4021 the
705 3988 776 4037 page.
810 3971 867 4022 The
878 3972 1047 4036 handwriting
1057 3972 1078 4021 is
1090 3972 1143 4021 that
1155 3971 1184 4020 of
1197 3972 1240 4021 the
1252 3971 1364 4021 addition
1376 3986 1410 4020 on
1421 3969 1465 4020 fol.
1479 3969 1518 4033 76,
1531 3970 1581 4019 and
1593 3970 1636 4019 the
1648 3969 1692 4019 inlr
1703 3969 1724 4018 is
1736 3970 1766 4019 of
1778 3969 1820 4019 the

462 4038 679 4167 samgffiffieas
700 4102 851 4166 sempiterne
870 4103 932 4152 deus
950 4102 993 4166 qui
1014 4118 1060 4151 nos
1079 4101 1146 4152 beati
1166 4102 1238 4151 blasii
1259 4101 1366 4151 martiris
1385 4102 1422 4152 tui
1441 4110 1517 4166 atque
1540 4100 1664 4166 pontificis
1687 4099 1821 4151 fastiditate

462 4166 579 4244 letificas:
597 4168 706 4217 concede
719 4169 863 4233 propicius.
876 4177 903 4217 ut
916 4168 959 4232 qui
975 4168 1008 4217 de
1022 4168 1077 4218 eius
1091 4168 1329 4228 commemoratione
1342 4168 1479 4232 gaudemus
1490 4167 1569 4232 ipsius
1581 4166 1701 4216 continuo
1712 4165 1820 4232 presidio

462 4248 622 4282 muniamur.
635 4249 687 4298 per.

1072 4298 1209 4348 Secum.

511 4379 646 4430 Offerimus
662 4381 763 4430 domine
780 4397 866 4446 preces
882 4390 906 4432 et
924 4397 1027 4431 munera
1044 4381 1070 4430 in
1087 4381 1207 4431 honorem
1227 4380 1306 4430 sancti
1326 4380 1398 4430 blasii
1418 4380 1525 4430 martiris
1545 4379 1581 4430 tui
1600 4388 1684 4445 atque
1696 4378 1821 4444 pontificis

461 4444 599 4508 gaudentes
618 4481 624 4493 .
640 4456 739 4512 praesta
760 4462 910 4511 quaesamus
929 4455 978 4496 .ut
1000 4457 1024 4497 et
1048 4446 1225 4497 conuenienter
1247 4447 1294 4496 hec
1315 4461 1389 4511 agere
1409 4480 1416 4493 .
1434 4455 1458 4496 et
1481 4446 1620 4495 remedium
1642 4445 1820 4510 sempiternum

463 4510 589 4560 ualeamus
600 4511 730 4577 adquirere
742 4545 749 4559 .
761 4527 814 4578 per.

1024 4578 1260 4627 Posrcouuumo.

512 4657 642 4708 adiuuent
664 4674 711 4709 nos
729 4675 879 4725 quaesumus
897 4659 1000 4722 domine
1018 4669 1044 4709 et
1063 4659 1110 4709 hec
1129 4659 1240 4708 misteria
1258 4666 1344 4709 sancta
1362 4673 1428 4724 qaae
1447 4657 1598 4723 sumpsimus
1616 4665 1641 4708 et
1661 4658 1735 4708 beati.
1749 4657 1820 4707 blasii

463 4722 569 4771 martiris
580 4723 616 4773 tui
627 4732 703 4789 atque
715 4725 839 4789 pontificis
851 4726 993 4775 intercessio
1005 4725 1148 4774 ueneranda
1160 4759 1167 4771 .
1181 4725 1236 4774 Per.

511 4785 522 4815 ²
538 4789 594 4838 The
605 4789 731 4839 cancelled
746 4789 846 4840 Preface
857 4790 916 4840 with
932 4790 965 4839 its
980 4790 1062 4839 rubrio
1078 4789 1146 4838 filled
1162 4791 1247 4854 nearly
1263 4789 1322 4839 nine
1333 4788 1403 4848 lines,
1419 4802 1483 4855 7911.
1497 4787 1607 4852 (6-14).
1643 4789 1758 4853 Nothing
1773 4790 1820 4838 dis·

462 4852 572 4902 cernible
585 4855 628 4903 hut
640 4854 720 4904 initial
732 4856 781 4904 and
795 4855 884 4905 rubris.
919 4856 1022 4904 Manual
1034 4872 1102 4905 eroes
1113 4855 1139 4904 in
1151 4855 1257 4919 margin.

511 4915 523 4948 ⁸
539 4920 663 4983 Opposita
674 4919 737 4969 lines
752 4934 844 4983 15—17
857 4921 899 4970 the
910 4930 982 4970 outer
993 4920 1088 4985 margin
1100 4921 1153 4978 has.
1169 4921 1194 4970 in
1206 4921 1238 4983 43
1250 4920 1357 4980 lines,-

512 4983 589 5032 Beate
608 4984 699 5047 agathe
718 4985 825 5034 martiris
845 4994 886 5035 tue
905 4986 1006 5035 domine
1025 4986 1141 5050 precibus
1160 4985 1314 5035 mahdentes
1328 5021 1335 5033 .
1347 5001 1497 5049 quaesumus
1516 4985 1676 5036 elementiam
1694 4994 1778 5034 tuam:
1794 4994 1820 5033 ut

462 5052 1163 5180 aetrlttftltttthtttttttdtattii?
1169 5051 1257 5166 ilii.
1274 5117 1304 5179 ⁷⁶
1315 5115 1366 5165 m
1378 5115 1421 5165 a.
1435 5129 1473 5182 a·
