4109 6275
448 764 490 844 36
745 773 858 823 nomn
880 771 1035 836 Qunam
1059 768 1215 820 uaroms
1239 767 1510 818 unnnouanas.

651 946 903 1008 ΡΕΒΙΑΛΙΙΙ.

491 1057 520 1116 Ᾰ,
561 1057 594 1110 ln
614 1055 730 1110 nomine
748 1054 856 1109 domini
876 1069 960 1108 omne
978 1069 1060 1123 genu.

708 1181 845 1232 ΟΗΑΤΙΟ.

512 1285 655 1334 RAESTA
684 1283 914 1348 QUAESUMUS
943 1282 1104 1332 OMNIPO·

534 1372 630 1422 TENS
647 1371 764 1422 DEUS:
788 1371 838 1422 UT
857 1370 923 1434 QUI
948 1369 1105 1420 NOSTRIS

451 1447 664 1510 Excusslbus
713 1447 938 1509 indesinenter
988 1441 1105 1525 affligi·

451 1553 526 1596 mur
543 1583 550 1595 .
569 1552 630 1614 per
652 1533 814 1616 unigeniti
838 1532 886 1595 tui
914 1532 1104 1614 passionem

451 1620 647 1684 liberemur:
669 1623 726 1703 qui
743 1630 865 1684 tecum.

706 1778 845 1827 onorio.

457 1871 595 2000 DEUS
610 1870 678 1934 QUI
695 1877 755 1938 pro
775 1856 871 1919 nobis
886 1855 990 1919 filium
1008 1865 1104 1918 tuum

546 1945 651 2008 crucis
687 1943 874 2026 patibulum
905 1943 1015 2006 subire
1047 1963 1105 2005 uo·

451 2030 540 2095 luisti
554 2082 561 2095 .
574 2041 610 2095 ut
630 2031 754 2095 inimici
770 2052 790 2094 a
807 2031 903 2094 nobis
918 2029 1106 2112 expelleres

450 2128 652 2202 potestatem
669 2118 839 2183 ,concede
860 2118 956 2181 nobis
973 2116 1106 2181 famulis

450 2207 516 2270 tuis
531 2258 538 2270 .
553 2216 588 2269 ut
606 2207 852 2270 resurrectionis
867 2205 1009 2288 gratiam
1026 2225 1105 2267 con-

449 2314 645 2376 sequamur:
668 2315 728 2377 per
743 2313 816 2358 eun.

694 2439 857 2488 ΒΕΟΗΕΤΑ.

513 2528 627 2593 uritica
650 2549 712 2592 nos
734 2529 921 2593 misericors
947 2530 1054 2594 deus.
1070 2538 1107 2594 ut

535 2615 715 2680 aecclesiae
726 2627 805 2679 tuae
818 2636 931 2699 preces
943 2637 1031 2699 quae
1046 2616 1107 2681 tibi

452 2714 568 2787 gratae
583 2704 650 2767 sint
666 2704 721 2785 pia
743 2723 880 2767 munera
896 2703 1084 2767 deserentes
1100 2754 1107 2768 .

453 2790 536 2855 liant
561 2791 707 2873 expiatis
730 2791 899 2855 mentibus
921 2791 1107 2872 gratiores.

454 2898 520 2961 per.

629 2965 926 3016 postcommunio,

457 3062 613 3195 Largire
655 3060 807 3125 sensibus
842 3061 964 3124 nostris
1000 3062 1108 3125 omni·

540 3160 661 3233 potens
693 3152 776 3214 deus
792 3199 799 3215 .
815 3159 852 3213 ut
885 3170 945 3233 per
977 3159 1109 3233 tempo·

454 3238 557 3301 ralem
581 3235 639 3301 filii
662 3238 710 3302 tui
732 3245 874 3301 mortem
894 3258 996 3321 quam
1019 3258 1108 3321 mys

453 3326 537 3389 teria
562 3325 752 3388 ueneranda
779 3324 985 3409 {ltestantun
1002 3327 1107 3389 uitam

456 3412 550 3476 nobis
593 3414 723 3476 uenisse
766 3421 960 3495 perpetuam
1006 3411 1109 3475 conli-

454 3499 592 3563 damus:
614 3521 673 3583 per
689 3521 716 3564 e.

622 3648 729 3697 SUPER
758 3646 934 3695 poputum.

458 3726 639 3865 Respice
665 3745 868 3809 quaesumus
893 3725 1030 3790 domine
1056 3746 1110 3790 su·

550 3811 623 3898 per¹
638 3812 722 3876 hanc
736 3813 897 3877 familiam
913 3824 1024 3877 tuam:
1048 3834 1110 3896 pro

455 3923 523 3986 qua
543 3900 700 3965 dominus
723 3910 836 3966 noster
858 3901 946 3964 iesus
967 3900 1110 3964 christus

457 4010 523 4053 non
540 3987 708 4052 dubitauit
722 3988 875 4052 manibus
888 3988 975 4053 tradi
988 4008 1110 4052 nocen-

456 4077 540 4141 tium
557 4125 564 4139 .
580 4084 614 4138 et
632 4076 737 4138 crucis
758 4074 868 4139 subire
887 4085 1111 4140 tormentum:

455 4163 513 4246 qui
528 4173 639 4227 tecum
657 4161 748 4226 uiuit.

488 4371 775 4433 reatuum
803 4369 967 4431 ΟΑΕΝΑ
995 4369 1069 4430 DO-

456 4450 917 4514 ΜΙΝΙ.ΒΕΝΕ[)ΙΟΤΙΟ
945 4450 1107 4511 tultis-2

530 4573 656 4624 OMINE
682 4572 780 4624 DEUS
808 4572 926 4622 PATER
949 4571 1111 4623 OMNIPO·

552 4660 649 4712 TENS
675 4697 682 4711 .
710 4659 906 4711 CONDITOR
950 4659 1110 4711 OMNIUM

456 4754 565 4799 rerum
578 4785 586 4800 .
600 4744 635 4799 te
650 4735 846 4798 inuocamus
858 4783 865 4797 .
878 4744 915 4796 ut
934 4733 1112 4798 benedicas

725 4857 736 4913 ΙΙ
748 4852 791 4903 roi.
806 4866 847 4917 ³5·

1154 954 1189 1009 et
1213 964 1387 1008 consecres
1408 944 1497 1007 hunc
1522 963 1645 1008 nouum
1675 945 1812 1026 ignem.

1155 1035 1241 1097 sicut
1279 1032 1483 1096 benedixisti
1519 1032 1636 1095 rubum
1672 1032 1704 1094 in
1743 1051 1812 1113 quo

1156 1121 1340 1203 apparuisti
1371 1120 1488 1201 moysi.
1547 1118 1592 1181 Et
1622 1119 1708 1182 sicut
1739 1118 1810 1181 illu-

1157 1208 1291 1270 minasti
1307 1228 1364 1270 cor
1379 1207 1450 1269 eius
1471 1227 1530 1289 per
1551 1207 1662 1269 lumen
1683 1204 1812 1268 uisibile

1158 1294 1331 1358 maiestate
1347 1304 1405 1358 tua
1418 1294 1573 1357 inuisibili
1584 1344 1591 1358 .
1603 1295 1650 1357 ita
1662 1304 1695 1356 et
1707 1294 1809 1356 corda

1157 1391 1270 1445 nostra
1292 1383 1442 1463 potentia
1462 1381 1649 1445 diuinitatis
1669 1391 1747 1443 tuae
1764 1380 1812 1442 in-

1156 1468 1330 1532 uisibiliter
1346 1489 1404 1551 per
1419 1467 1508 1531 hunc
1520 1468 1684 1531 uisibilem
1699 1468 1810 1549 ignem

1157 1555 1343 1619 illuminare
1359 1556 1506 1638 digneris
1522 1606 1528 1618 .
1546 1576 1604 1638 per
1627 1556 1812 1618 dominum.

1394 1738 1456 1791 Nos
1475 1747 1577 1791 autem.

1412 1877 1551 1925 ΟΗΑΤΙΟ4

1232 1976 1301 2025 aus
1323 1978 1346 2024 Α
1366 1976 1444 2040 Quo
1465 1975 1511 2025 ur
1532 1976 1646 2026 runos
1669 1975 1813 2026 namus

1252 2050 1302 2112 sui
1334 2071 1476 2132 paenam
1501 2101 1507 2112 .
1531 2060 1564 2112 et
1596 2049 1813 2113 consessionis

1157 2158 1238 2200 suae
1259 2137 1345 2201 latro
1366 2139 1529 2221 premium
1551 2137 1713 2220 sumpsit:
1735 2159 1813 2200 con·

1157 2224 1239 2288 cede
1256 2225 1352 2289 nobis
1364 2234 1443 2288 tuae
1459 2225 1705 2307 propitiationis
1716 2224 1813 2289 eflec-

1158 2322 1230 2376 tum
1246 2362 1253 2376 .
1271 2320 1307 2375 ut
1322 2312 1407 2376 sicut
1424 2311 1456 2375 in
1478 2313 1633 2395 passione
1651 2332 1711 2375 sua
1727 2312 1815 2375 iesus

1157 2399 1300 2463 christus
1337 2399 1493 2462 dominus
1531 2409 1645 2463 noster
1681 2399 1813 2468 diuersa

1159 2487 1307 2569 utrisque
1348 2486 1460 2550 intulit
1504 2487 1671 2568 stipendia
1718 2489 1814 2550 meri·

1158 2584 1268 2638 torum
1285 2624 1292 2638 .
1308 2575 1355 2638 ita
1377 2575 1473 2637 nobis
1493 2573 1608 2637 ablato
1630 2573 1814 2656 ueltustatis

1158 2681 1290 2725 errore.
1309 2662 1557 2725 resurrectionis
1575 2681 1655 2724 suae
1670 2662 1812 2742 gratiam

1158 2747 1337 2831 largiatur:
1361 2747 1428 2832 Qui
1445 2757 1555 2813 tecum
1573 2748 1666 2812 uiuit.

1402 2911 1564 2960 8ΕΟΗΕΤΑ.

1164 3011 1188 3140 Ι
1201 3021 1260 3084 pse
1269 3000 1330 3064 tibi
1341 3020 1545 3084 quaesumus
1553 3001 1691 3065 domine
1700 3013 1815 3067 sancte

1223 3098 1319 3171 pater
1337 3089 1552 3172 omnipotens
1575 3098 1710 3154 aeterne
1733 3091 1815 3154 deus

1160 3175 1357 3240 sacrificium
1382 3187 1532 3241 nostrum
1557 3177 1675 3242 reddat
1699 3198 1815 3262 accep

1159 3274 1232 3328 tum
1245 3315 1252 3329 .
1265 3265 1321 3347 qui
1338 3263 1510 3346 discipulis
1524 3265 1593 3327 suis
1609 3264 1641 3327 in
1658 3266 1708 3328 sui
1724 3286 1815 3329 com-

1160 3352 1437 3415 memorationem
1464 3352 1528 3415 hoc
1555 3350 1625 3415 lieri
1655 3353 1816 3417 hodierna

1160 3440 1339 3503 traditione
1350 3439 1566 3503 monstrauit.
1578 3439 1664 3502 iesus
1673 3440 1816 3504 christus

1159 3527 1317 3590 dominus
1333 3535 1470 3591 noster.
1486 3527 1542 3609 qui
1559 3535 1679 3591 tecum,

1372 3693 1588 3743 ΡΒΑΕΡΗΑΤΙΟ

1242 3790 1314 3839 ERE
1334 3789 1488 3839 DlGNUM
1504 3827 1511 3842 .
1530 3791 1600 3841 PER
1618 3791 1814 3842 CHRISTUM

1262 3884 1362 3947 quem
1376 3864 1408 3927 in
1422 3863 1485 3927 hac
1498 3875 1596 3928 nocte
1609 3866 1695 3930 inter
1706 3885 1816 3929 sacras

1161 3951 1278 4035 epulas
1290 3950 1531 4033 increpantem:
1555 3972 1649 4015 mens
1660 3953 1723 4017 sibi
1739 3973 1817 4016 con·

1161 4039 1230 4103 scia
1246 4037 1416 4102 traditoris
1432 4038 1515 4102 ferre
1528 4060 1595 4103 non
1607 4039 1717 4122 potuit
1729 4089 1736 4103 .
1748 4040 1815 4105 Sed

1162 4125 1391 4210 apostolorum
1415 4125 1531 4190 relicto
1550 4129 1719 4191 consortio
1741 4148 1816 4191 san-

1161 4214 1272 4297 guinis
1288 4213 1432 4295 pretium
1448 4233 1469 4276 a
1485 4214 1590 4277 iudeis
1611 4215 1740 4298 accepit
1756 4265 1764 4281 .
1780 4224 1817 4278 ut

1161 4302 1266 4365 uitam
1309 4300 1462 4382 perderet
1502 4320 1603 4384 quam
1650 4301 1818 4366 distraxit.

1163 4388 1328 4453 Caenauit
1343 4385 1444 4469 igitur
1456 4388 1557 4451 hodie
1568 4389 1718 4472 proditor
1729 4408 1816 4452 mor·

1161 4484 1231 4540 tem
1247 4494 1361 4538 suam:
1383 4485 1417 4539 et
1427 4477 1573 4539 cruentis
1589 4476 1743 4540 manibus
1760 4497 1816 4560 pa-

1163 4583 1238 4627 nem
1266 4563 1309 4626 de
1337 4581 1437 4626 manu
1463 4562 1639 4628 saluatoris
1666 4564 1817 4627 exiturus
1867 4634 1871 4647 ¹

1162 4650 1300 4732 accepit
1349 4657 1390 4713 Ut
1405 4651 1594 4732 saginatum
1613 4651 1690 4714 cibo
1712 4653 1817 4715 maior

1161 4757 1270 4820 paena
1308 4738 1550 4821 constringeret
1577 4789 1584 4802 .
1615 4758 1717 4821 quem
1755 4758 1817 4802 nec

1419 4857 1425 4920 Ι
1436 4857 1479 4906 iol.
1495 4872 1525 4920 35
1534 4874 1559 4910 v.

505 4968 515 5000 ¹
533 4970 556 5019 Α
570 4971 633 5019 luter
642 4969 711 5018 hand
722 4968 768 5017 has
778 4969 902 5031 here-35
914 4968 1018 5034 (al-by
1030 4971 1223 5031 interlineation‚
1237 4971 1384 5021 introduced
1400 4971 1443 5020 tlte
1455 4973 1523 5021 word
1544 4971 1642 5022 ‘hanc'
1676 4974 1732 5022 Tbe
1748 4976 1816 5023 word

460 5039 556 5149 ‘supep⁸
573 5035 622 5083 and
636 5035 678 5084 the
690 5034 771 5084 rubric
782 5034 854 5083 stand
866 5034 920 5085 side
931 5035 963 5163 [ip
975 5035 1037 5085 side.
1073 5038 1122 5086 See
1133 5037 1222 5096 aliove,
1236 5047 1296 5085 note
1306 5053 1339 5085 on
1352 5037 1408 5086 MS.
1422 5037 1466 5086 iol.
1482 5054 1543 5101 ²5²²·
1558 5038 1601 5087 liu
1619 5040 1655 5089 18,

557 5100 589 5149 he
600 5109 671 5150 outer
682 5100 778 5165 margin
789 5099 912 5164 here-35
925 5099 951 5159 (6
962 5101 1040 5150 -hns
1051 5116 1067 5149 a
1078 5103 1177 5151 manual
1190 5119 1265 5151 cross.
1299 5104 1348 5152 See
1359 5103 1448 5161 below,
1463 5103 1488 5150 in
1502 5103 1558 5153 MS.
1572 5103 1614 5151 iol.
1627 5104 1689 5166 3621.
