4109 6275
614 772 805 824 DOMINICA
829 774 976 839 QU1NTA
999 773 1089 824 POST
1113 774 1263 826 PASCHA.
1574 780 1619 842 49

257 958 289 1012 ct
322 949 370 1013 ita
406 948 532 1014 intrare
567 951 602 1014 irc
631 950 777 1034 gloriam
809 972 912 1015 suam
963 951 1017 1015 dee
1032 951 1272 1016 resurreccionis
1286 973 1352 1015 mee
1369 951 1449 1016 dt‘cit
1467 952 1619 1016 domiuus

258 1035 398 1102 alleluia.
445 1036 535 1102 Vado
564 1038 613 1102 ad
637 1059 710 1102 mm
736 1038 796 1122 qui
821 1039 916 1103 misit
955 1039 1125 1120 precedam
1147 1061 1206 1103 uos
1226 1039 1261 1103 irc
1273 1039 1439 1121 galileam.
1483 1038 1618 1103 alleluiu

259 1145 309 1188 me
328 1124 386 1188 sed
402 1124 481 1207 quea
500 1124 577 1189 leacc
596 1125 717 1190 lamtus
735 1147 809 1189 sum
825 1126 915 1191 uobis
972 1125 1077 1208 Vsque
1097 1127 1190 1191 ucodo
1211 1148 1274 1190 nou
1293 1127 1423 1210 petistis
1447 1127 1617 1210 quicquam

258 1211 399 1277 tristicia
414 1211 561 1296 impleuit
576 1234 630 1277 cor
644 1223 910 1278 iustrumenvan.
963 1213 998 1276 in
1029 1214 1156 1278 nomine
1186 1234 1252 1278 meo
1277 1214 1373 1297 petite
1401 1224 1433 1278 et
1460 1212 1619 1297 accipietes

268 1297 357 1363 Vada
376 1299 426 1363 ad
441 1321 513 1364 acm
533 1300 592 1383 qui
604 1300 698 1365 misit
712 1322 768 1365 me.
812 1305 909 1384 offm
961 1320 1073 1363 arcican.
1100 1300 1209 1364 Amen
1237 1322 1332 1366 amen
1353 1301 1422 1365 dcco
1448 1301 1558 1365 uobis:
1586 1300 1620 1364 si

258 1386 397 1451 Iubilate
422 1387 479 1451 deo
505 1386 541 1451 irc
568 1388 722 1452 uniuersa
749 1398 837 1470 terra
863 1388 914 1452 iu·
962 1386 1046 1471 quid
1063 1388 1235 1471 perieritis.
1278 1390 1376 1469 offert.
1438 1387 1619 1452 Benedice'te

258 1473 357 1537 bilate
382 1473 439 1538 deo
466 1474 573 1538 omnis
598 1484 695 1540 terra.
738 1475 912 1540 Psalmum
956 1483 1068 1557 gentes
1096 1475 1265 1539 dominum
1293 1475 1387 1539 dmm
1416 1486 1562 1539 uostmem
1588 1486 1619 1540 et

257 1560 353 1625 eluite
374 1561 502 1626 nomini
524 1563 595 1626 eius
619 1562 724 1626 uenite
748 1573 779 1627 et
803 1562 915 1626 audite
962 1561 1111 1626 obaudite
1145 1583 1249 1626 uocem
1286 1561 1396 1626 laudis
1431 1563 1501 1626 eius
1526 1614 1533 1627 .
1560 1564 1619 1645 qui

258 1658 290 1710 et
309 1649 450 1714 narrabo
473 1648 564 1715 uobis
584 1670 692 1713 omnes
713 1651 772 1733 qui
792 1650 915 1715 timetis
955 1648 1068 1731 posuit
1087 1650 1236 1714 animam
1263 1670 1367 1713 uuam
1392 1649 1440 1714 ad
1459 1650 1565 1714 uitam
1587 1659 1619 1713 et

257 1735 353 1800 eleum
378 1747 503 1819 quanta
521 1737 606 1820 fecit
629 1737 781 1801 dominus
805 1736 915 1800 anime
961 1756 1025 1799 reon
1054 1736 1144 1800 dedit
1171 1737 1364 1801 commoneri
1382 1738 1480 1820 pedes
1509 1758 1615 1801 meos.

258 1843 330 1887 mee.
377 1823 518 1888 alleluia.
563 1851 630 1891 coen
678 1823 760 1891 Cum
790 1824 915 1888 ueuerc't
962 1823 1141 1888 benedictus
1162 1824 1312 1889 moninus
1332 1825 1391 1907 qui
1409 1845 1472 1888 nou
1492 1825 1618 1890 amauit

250 1911 434 1992 paraclitus
477 1913 615 1995 spiritus
662 1911 813 1976 ueritatis
860 1911 915 1975 ille
961 1911 1001 1974 a'c
1022 1922 1083 1994 pre
1111 1912 1267 1976 caciouem
1297 1933 1400 1976 meatu
1430 1922 1462 1976 et
1491 1912 1616 1976 miseri·

257 2010 374 2080 arguet
405 1999 565 2063 muudum
599 1998 639 2062 de
664 2009 789 2083 peccato
817 2008 849 2062 ct
874 1999 915 2062 ele
961 1999 1105 2063 cordiam
1128 2020 1223 2063 suam
1245 2019 1338 2064 auce.
1354 2000 1494 2064 alleluia.
1539 2021 1614 2062 corre.

259 2085 388 2150 iusticia
402 2086 487 2150 etde
500 2085 761 2151 indimoalleluia
771 2086 912 2150 alleluia.
964 2083 1101 2151 Cautate
1120 2085 1248 2150 domim
1267 2086 1399 2150 alleluia
1417 2096 1544 2150 cantate
1562 2086 1617 2149 clo-

962 2172 1051 2235 miuo
1087 2173 1255 2239 benedicite
1290 2194 1402 2238 nomen
1438 2173 1508 2238 eicis
1545 2174 1620 2237 bene

434 2231 732 2282 postcommum&
962 2259 1113 2324 uuuciate
1144 2262 1184 2325 de
1211 2260 1266 2324 die
1293 2261 1329 2325 iu
1358 2261 1443 2325 diem
1472 2260 1619 2324 salutare

316 2313 414 2377 desto
430 2311 527 2376 nobis
538 2313 676 2376 domine
687 2314 770 2378 deus
783 2320 913 2377 noster:
960 2346 1031 2411 eius
1045 2398 1052 2413 .
1067 2347 1200 2413 amm
1214 2348 1356 2414 alleluia·

352 2409 391 2464 ut
428 2419 489 2483 per
524 2398 606 2464 haec
643 2420 730 2482 quae
771 2398 915 2464 fideliter

257 2488 461 2572 sumpsimus
477 2535 485 2551 .
500 2495 534 2550 et
556 2508 737 2571 purgemur
759 2507 780 2551 a
799 2488 913 2553 uitiis.
1140 2475 1436 2524 POSTGOMMUN'O·

258 2585 292 2639 et
318 2595 338 2638 a
364 2573 519 2657 periculis
546 2575 703 2639 omnibus
728 2595 913 2639 exuamur:
963 2563 1125 2691 Tribue
1160 2565 1257 2630 nobis
1291 2566 1429 2630 domine
1463 2565 1616 2629 caelestis

258 2683 323 2745 pes.
1054 2673 1190 2717 mensae
1227 2653 1349 2717 uirtute
1386 2653 1514 2717 satiatis
1544 2702 1552 2717 .
1583 2662 1617 2716 et

704 2766 740 2812 ta
962 2739 1151 2804 desiderare
1188 2761 1275 2824 quae
1312 2749 1403 2804 recta
1439 2750 1518 2804 sunt
1547 2790 1555 2804 .
1582 2749 1616 2804 et

418 2830 482 2892 DO
492 2830 525 2891 Μ
536 2831 543 2892 Ι
556 2831 581 2892 Ν
594 2831 671 2892 1οΑ
685 2876 692 2893 .
707 2832 747 2893 U.
962 2827 1152 2892 desiderata
1168 2827 1357 2912 percipere:
1382 2848 1449 2910 per.

367 2941 476 2996 Uocem
495 2940 676 2998 iocunditatis
695 2945 813 2999 annum.
1007 2997 1292 3059 FER'MMN
1323 2995 1566 3057 [ΕΤΑΝΗΘ.

334 3160 403 3212 Eus
440 3163 465 3212 Α
503 3056 722 3226 {Sanam
759 3161 913 3213 CUNCTA
1082 3108 1112 3169 Ᾰ.
1154 3117 1306 3175 Exaudiuit
1324 3119 1361 3176 de
1379 3118 1492 3190 templo.

355 3249 584 3300 PROCEDUNT
606 3285 613 3300 .
637 3235 756 3317 largire
786 3236 913 3319 suppli·
1024 3239 1167 3290 RAESTA
1196 3240 1425 3304 QUAESUMUS
1454 3240 1618 3290 OMNIPO·

257 3323 350 3387 cibus
366 3373 373 3388 .
389 3333 426 3388 ut
456 3324 642 3407 cogitemus
669 3332 702 3387 te
729 3323 912 3407 inspirante
1045 3327 1142 3378 TENS
1169 3328 1283 3379 DEUS:
1316 3327 1365 3379 UT
1392 3327 1460 3391 QUI
1487 3326 1529 3377 ΙΝ
1554 3327 1616 3376 AF-

258 3430 343 3493 quae
365 3420 456 3475 recta
476 3421 573 3476 sunt:
595 3420 629 3474 et
650 3419 684 3475 te
704 3411 913 3494 gubernante
962 3414 1154 3466 FLICTIOne
1186 3412 1299 3467 nostra
1328 3402 1372 3465 de
1402 3411 1461 3465 tua
1490 3401 1617 3484 pietate

258 3496 390 3561 eadem¹
407 3496 587 3562 iaciamus:
609 3518 677 3580 per,
962 3487 1161 3553 confidimus
1176 3539 1184 3554 .
1200 3498 1316 3553 contra
1340 3489 1481 3553 aduersa
1503 3489 1618 3552 omnia

498 3628 661 3677 sgr-‘Hm'
961 3585 1020 3640 tua
1035 3594 1168 3660 semper
1182 3577 1390 3660 protectione
1406 3577 1615 3639 muniamur:

256 3714 424 3845 Suscipe
452 3717 587 3780 domine
617 3714 766 3781 fidelium
798 3736 912 3800 preces
963 3683 1030 3746 ω’
1205 3750 1368 3800 secam,

331 3824 407 3867 cum
438 3803 666 3868 oblationibus
696 3804 912 3868 hostiarum.
1045 3857 1104 3901 aec
1117 3857 1254 3901 munem
1266 3856 1469 3920 quaesumus
1480 3836 1617 3900 domine

259 3901 295 3955 ut
311 3912 370 3974 per
384 3891 467 3955 haec
483 3892 558 3975 piae
574 3891 765 3955 deuotionis
780 3889 912 3956 officia.
966 3836 1033 3963 H
1174 3906 1177 3909 ·

592 3979 599 3994 .
1067 3934 1102 3988 et
1124 3924 1257 3988 uincula
1279 3934 1413 3988 nostrae
1440 3924 1617 4007 prauitatis

258 3980 300 4043 ad
316 3978 494 4042 caelestem
515 3978 657 4061 gloriam
679 3989 911 4044 transeamus.
962 4010 1141 4076 absoluant
1162 4060 1169 4074 ·
1192 4021 1227 4076 et
1256 4021 1334 4075 tuae
1365 4011 1461 4075 nobis
1492 4011 1615 4075 miseri·

257 4087 324 4148 pes·
962 4098 1096 4163 cordiae
1110 4099 1200 4162 dona
1215 4098 1393 4162 concilient
1409 4147 1416 4163 .
1433 4118 1501 4180 per.

336 4219 435 4286 ocem'
457 4221 665 4286 iomuditatis
689 4221 862 4286 arcunuate
882 4232 915 4286 et
1137 4219 1435 4270 POSTGOMMUNJO·

347 4308 649 4374 audiaturalleluia
658 4309 807 4373 naturate
815 4330 915 4392 usque
965 4318 1100 4447 Uota
1121 4324 1234 4380 nostra
1256 4335 1458 4398 quaesumus
1481 4315 1617 4380 domine

257 4397 306 4460 ad
315 4407 491 4461 extremum
507 4406 591 4461 terre
599 4396 754 4461 liberauit
761 4396 914 4461 dominus
1064 4405 1121 4487 pio
1131 4404 1244 4468 sauore
1256 4423 1473 4486 prosequere.
1486 4412 1522 4466 ut
1533 4403 1615 4467 dum

250 4486 406 4566 populm
417 4484 810 4548 acttmalleluioalleluia.
841 4482 906 4567 lPs·
961 4492 1053 4555 dona
1078 4502 1137 4555 tua
1163 4492 1196 4554 in
1224 4489 1439 4555 tribulatione
1468 4491 1616 4574 percepi·

262 4571 412 4647 Jubilate
439 4572 494 4635 deo
517 4570 655 4651 epistola.
706 4571 820 4635 Estote
837 4571 911 4651 sac·
963 4599 1038 4642 mus
1059 4629 1066 4643 .
1090 4578 1133 4642 de
1168 4576 1397 4642 consolatione
1434 4587 1547 4642 nostra
1582 4578 1614 4640 in

258 4667 341 4723 tores
370 4660 468 4725 uerbi.
522 4656 622 4719 Grad·
682 4658 816 4722 alleluia
869 4657 913 4721 In
962 4677 1023 4731 tuo
1048 4667 1178 4746 lamore
1200 4684 1406 4729 crescamus:
1436 4686 1502 4747 pes.

516 4788 578 4851 llol.
591 4804 623 4853 50
631 4804 655 4838 o.
1229 4789 1239 4843 ΙΙ
1251 4784 1293 4834 iol.
1309 4798 1349 4848 5¹·

306 4928 316 4962 ¹
332 4931 388 4981 The
399 4930 451 4982 first
463 4930 569 4997 syllable
579 4931 609 4981 ol
615 4929 665 4980 this
679 4928 792 4981 ‘eodem'
804 4930 825 4980 is
836 4928 1000 4980 accentuated
1011 4928 1037 4978 in
1049 4928 1092 4979 the
1104 4926 1219 4992 MS-5o
1230 4926 1292 4989 (τό).

306 4994 318 5027 ²
333 4997 388 5047 The
403 4997 486 5047 rubrio
501 4996 531 5047 ol
544 4997 587 5047 the
601 4996 688 5047 erased
706 4995 806 5047 Preiace
821 4996 871 5045 and
886 4995 930 5045 the
944 4994 1024 5044 initiul
1037 4995 1061 5043 V
1074 5009 1116 5043 are
1131 4993 1181 5057 just
1194 4993 1290 5043 visible.
1324 4992 1381 5042 The
1393 4992 1497 5044 latteris
1510 4994 1616 5044 covered

258 5062 291 5126 by
303 5062 344 5112 the
357 5062 409 5112 first
420 5062 492 5113 letter
503 5063 532 5111 ot'
545 5063 587 5113 the
599 5062 691 5112 second
702 5068 763 5112 text.
799 5062 881 5110 Room
897 5061 918 5110 is
933 5060 1007 5109 made
1020 5059 1059 5109 lor
1069 5059 1112 5109 the
1123 5059 1215 5108 second
1227 5067 1279 5109 text
1291 5060 1325 5121 by
1336 5059 1379 5109 the
1390 5074 1488 5108 erasure
1499 5059 1528 5107 ol
1542 5076 1616 5108 seven

258 5128 327 5186 lines,
342 5141 374 5192 5⁰
385 5128 535 5193 (col—5011.
550 5126 596 5192 (6),
608 5126 638 5177 oi
645 5127 688 5178 the
699 5126 812 5191 original.

345 5242 382 5291 n.
400 5243 431 5292 u.
1509 5239 1529 5302 7
